%% This BibTeX bibliography file was created using BibDesk.
%% http://bibdesk.sourceforge.net/

%% Created for Nikita Akulich at 2018-11-12 11:04:55 PM +0100 


%% Saved with string encoding Unicode (UTF-8) 



@article{Helmer2003,
	Abstract = {The efficient retrieval of data items on set-valued attributes is an important research topic that has attracted little attention so far. We studied and modified four index structures (sequential signature files, signature trees, extendible signature hashing, and inverted files) for a fast retrieval of sets with low cardinality. We compared the index structures by implementing them and subjecting them to extensive experiments, investigating the influence of query set size, database size, domain size, and data distribution (synthetic and real). The results of the experiments clearly indicate that inverted files exhibit the best overall behavior of all tested index structures.},
	Author = {Helmer, Sven and Moerkotte, Guido},
	Date-Added = {2018-11-12 11:04:50 PM +0100},
	Date-Modified = {2018-11-12 11:04:50 PM +0100},
	Day = {01},
	Doi = {10.1007/s00778-003-0106-0},
	Issn = {0949-877X},
	Journal = {The VLDB Journal},
	Month = {Oct},
	Number = {3},
	Pages = {244--261},
	Title = {A performance study of four index structures for set-valued attributes of low cardinality},
	Url = {https://doi.org/10.1007/s00778-003-0106-0},
	Volume = {12},
	Year = {2003},
	Bdsk-Url-1 = {https://doi.org/10.1007/s00778-003-0106-0}}

@inproceedings{Lamperti2000msetsinds,
	Acmid = {721839},
	Address = {London, UK, UK},
	Author = {Lamperti, Gianfranco and Melchiori, Michele and Zanella, Marina},
	Booktitle = {Proceedings of the Workshop on Multiset Processing: Multiset Processing, Mathematical, Computer Science, and Molecular Computing Points of View},
	Date-Added = {2017-07-20 17:45:05 +0000},
	Date-Modified = {2017-07-20 17:46:05 +0000},
	Isbn = {3-540-43063-6},
	Numpages = {70},
	Pages = {147--216},
	Publisher = {Springer-Verlag},
	Series = {WMP '00},
	Title = {On Multisets in Database Systems},
	Url = {http://dl.acm.org/citation.cfm?id=647269.721839},
	Year = {2001},
	Bdsk-Url-1 = {http://dl.acm.org/citation.cfm?id=647269.721839}}

@article{blizard1988multiset,
	Author = {Blizard, Wayne D and others},
	Date-Added = {2017-06-24 10:50:24 +0000},
	Date-Modified = {2017-06-24 10:50:24 +0000},
	Journal = {Notre Dame Journal of formal logic},
	Number = {1},
	Pages = {36--66},
	Publisher = {University of Notre Dame},
	Title = {Multiset theory.},
	Volume = {30},
	Year = {1988},
	Bdsk-File-1 = {YnBsaXN0MDDUAQIDBAUGJCVYJHZlcnNpb25YJG9iamVjdHNZJGFyY2hpdmVyVCR0b3ASAAGGoKgHCBMUFRYaIVUkbnVsbNMJCgsMDxJXTlMua2V5c1pOUy5vYmplY3RzViRjbGFzc6INDoACgAOiEBGABIAFgAdccmVsYXRpdmVQYXRoWWFsaWFzRGF0YV8QcS4uLy4uLy4uL0RvY3VtZW50cy9DT1VSU0VTX1VQX0ZBTU5JVC9NdWx0aXNldC10cmllL21zdHJpZS1yZXBvL21zLXRyaWUvZG9jcy9tdWx0aXNldHMvZXVjbGlkLm5kamZsLjEwOTM2MzQ5OTUucGRm0hcLGBlXTlMuZGF0YU8RAfIAAAAAAfIAAgAABW1hY09TAAAAAAAAAAAAAAAAAAAAAAAAAAAAAAAAAABCRAAB/////xtldWNsaWQubmRqZmwuMTA5MzYzNDk5NS5wZGYAAAAAAAAAAAAAAAAAAAAAAAAAAAAAAAAAAAAAAAAAAAAAAAD/////AAAAAAAAAAAAAAAAAAMACAAACiBjdQAAAAAAAAAAAAAAAAAJbXVsdGlzZXRzAAACAHUvOlVzZXJzOm5pY2s6RG9jdW1lbnRzOkNPVVJTRVNfVVBfRkFNTklUOk11bHRpc2V0LXRyaWU6bXN0cmllLXJlcG86bXMtdHJpZTpkb2NzOm11bHRpc2V0czpldWNsaWQubmRqZmwuMTA5MzYzNDk5NS5wZGYAAA4AOAAbAGUAdQBjAGwAaQBkAC4AbgBkAGoAZgBsAC4AMQAwADkAMwA2ADMANAA5ADkANQAuAHAAZABmAA8ADAAFAG0AYQBjAE8AUwASAHNVc2Vycy9uaWNrL0RvY3VtZW50cy9DT1VSU0VTX1VQX0ZBTU5JVC9NdWx0aXNldC10cmllL21zdHJpZS1yZXBvL21zLXRyaWUvZG9jcy9tdWx0aXNldHMvZXVjbGlkLm5kamZsLjEwOTM2MzQ5OTUucGRmAAATAAEvAAAVAAIAC///AACABtIbHB0eWiRjbGFzc25hbWVYJGNsYXNzZXNdTlNNdXRhYmxlRGF0YaMdHyBWTlNEYXRhWE5TT2JqZWN00hscIiNcTlNEaWN0aW9uYXJ5oiIgXxAPTlNLZXllZEFyY2hpdmVy0SYnVHJvb3SAAQAIABEAGgAjAC0AMgA3AEAARgBNAFUAYABnAGoAbABuAHEAcwB1AHcAhACOAQIBBwEPAwUDBwMMAxcDIAMuAzIDOQNCA0cDVANXA2kDbANxAAAAAAAAAgEAAAAAAAAAKAAAAAAAAAAAAAAAAAAAA3M=}}

@book{manning2008introduction,
	Author = {Manning, Christopher D and Raghavan, Prabhakar and Sch{\"u}tze, Hinrich and others},
	Date-Added = {2017-06-22 17:37:16 +0000},
	Date-Modified = {2017-06-22 17:37:16 +0000},
	Number = {1},
	Publisher = {Cambridge university press Cambridge},
	Title = {Introduction to information retrieval},
	Volume = {1},
	Year = {2008},
	Bdsk-File-1 = {YnBsaXN0MDDUAQIDBAUGJCVYJHZlcnNpb25YJG9iamVjdHNZJGFyY2hpdmVyVCR0b3ASAAGGoKgHCBMUFRYaIVUkbnVsbNMJCgsMDxJXTlMua2V5c1pOUy5vYmplY3RzViRjbGFzc6INDoACgAOiEBGABIAFgAdccmVsYXRpdmVQYXRoWWFsaWFzRGF0YV8QbC4uLy4uLy4uL0RvY3VtZW50cy9DT1VSU0VTX1VQX0ZBTU5JVC9NdWx0aXNldC10cmllL21zdHJpZS1yZXBvL21zLXRyaWUvZG9jcy9pci85NzgwNTIxODY1NzE1X2Zyb250bWF0dGVyLnBkZtIXCxgZV05TLmRhdGFPEQHiAAAAAAHiAAIAAAVtYWNPUwAAAAAAAAAAAAAAAAAAAAAAAAAAAAAAAAAAQkQAAf////8dOTc4MDUyMTg2NTcxNV9mcm9udG1hdHRlci5wZGYAAAAAAAAAAAAAAAAAAAAAAAAAAAAAAAAAAAAAAAAAAAAA/////wAAAAAAAAAAAAAAAAADAAgAAAogY3UAAAAAAAAAAAAAAAAAAmlyAAIAcC86VXNlcnM6bmljazpEb2N1bWVudHM6Q09VUlNFU19VUF9GQU1OSVQ6TXVsdGlzZXQtdHJpZTptc3RyaWUtcmVwbzptcy10cmllOmRvY3M6aXI6OTc4MDUyMTg2NTcxNV9mcm9udG1hdHRlci5wZGYADgA8AB0AOQA3ADgAMAA1ADIAMQA4ADYANQA3ADEANQBfAGYAcgBvAG4AdABtAGEAdAB0AGUAcgAuAHAAZABmAA8ADAAFAG0AYQBjAE8AUwASAG5Vc2Vycy9uaWNrL0RvY3VtZW50cy9DT1VSU0VTX1VQX0ZBTU5JVC9NdWx0aXNldC10cmllL21zdHJpZS1yZXBvL21zLXRyaWUvZG9jcy9pci85NzgwNTIxODY1NzE1X2Zyb250bWF0dGVyLnBkZgATAAEvAAAVAAIAC///AACABtIbHB0eWiRjbGFzc25hbWVYJGNsYXNzZXNdTlNNdXRhYmxlRGF0YaMdHyBWTlNEYXRhWE5TT2JqZWN00hscIiNcTlNEaWN0aW9uYXJ5oiIgXxAPTlNLZXllZEFyY2hpdmVy0SYnVHJvb3SAAQAIABEAGgAjAC0AMgA3AEAARgBNAFUAYABnAGoAbABuAHEAcwB1AHcAhACOAP0BAgEKAvAC8gL3AwIDCwMZAx0DJAMtAzIDPwNCA1QDVwNcAAAAAAAAAgEAAAAAAAAAKAAAAAAAAAAAAAAAAAAAA14=},
	Bdsk-File-2 = {YnBsaXN0MDDUAQIDBAUGJCVYJHZlcnNpb25YJG9iamVjdHNZJGFyY2hpdmVyVCR0b3ASAAGGoKgHCBMUFRYaIVUkbnVsbNMJCgsMDxJXTlMua2V5c1pOUy5vYmplY3RzViRjbGFzc6INDoACgAOiEBGABIAFgAdccmVsYXRpdmVQYXRoWWFsaWFzRGF0YV8QZi4uLy4uLy4uL0RvY3VtZW50cy9DT1VSU0VTX1VQX0ZBTU5JVC9NdWx0aXNldC10cmllL21zdHJpZS1yZXBvL21zLXRyaWUvZG9jcy9pci9pcmJvb2tvbmxpbmVyZWFkaW5nLnBkZtIXCxgZV05TLmRhdGFPEQHKAAAAAAHKAAIAAAVtYWNPUwAAAAAAAAAAAAAAAAAAAAAAAAAAAAAAAAAAQkQAAf////8XaXJib29rb25saW5lcmVhZGluZy5wZGYAAAAAAAAAAAAAAAAAAAAAAAAAAAAAAAAAAAAAAAAAAAAAAAAAAAAA/////wAAAAAAAAAAAAAAAAADAAgAAAogY3UAAAAAAAAAAAAAAAAAAmlyAAIAai86VXNlcnM6bmljazpEb2N1bWVudHM6Q09VUlNFU19VUF9GQU1OSVQ6TXVsdGlzZXQtdHJpZTptc3RyaWUtcmVwbzptcy10cmllOmRvY3M6aXI6aXJib29rb25saW5lcmVhZGluZy5wZGYADgAwABcAaQByAGIAbwBvAGsAbwBuAGwAaQBuAGUAcgBlAGEAZABpAG4AZwAuAHAAZABmAA8ADAAFAG0AYQBjAE8AUwASAGhVc2Vycy9uaWNrL0RvY3VtZW50cy9DT1VSU0VTX1VQX0ZBTU5JVC9NdWx0aXNldC10cmllL21zdHJpZS1yZXBvL21zLXRyaWUvZG9jcy9pci9pcmJvb2tvbmxpbmVyZWFkaW5nLnBkZgATAAEvAAAVAAIAC///AACABtIbHB0eWiRjbGFzc25hbWVYJGNsYXNzZXNdTlNNdXRhYmxlRGF0YaMdHyBWTlNEYXRhWE5TT2JqZWN00hscIiNcTlNEaWN0aW9uYXJ5oiIgXxAPTlNLZXllZEFyY2hpdmVy0SYnVHJvb3SAAQAIABEAGgAjAC0AMgA3AEAARgBNAFUAYABnAGoAbABuAHEAcwB1AHcAhACOAPcA/AEEAtIC1ALZAuQC7QL7Av8DBgMPAxQDIQMkAzYDOQM+AAAAAAAAAgEAAAAAAAAAKAAAAAAAAAAAAAAAAAAAA0A=}}

@book{gardiner1985stochastic,
	Author = {Gardiner, Crispin W},
	Date-Added = {2017-05-28 13:49:12 +0000},
	Date-Modified = {2017-05-28 13:49:12 +0000},
	Publisher = {Springer-Verlag, Berlin--Heidelberg--New York--Tokyo},
	Title = {Stochastic methods},
	Year = {1985},
	Bdsk-File-1 = {YnBsaXN0MDDUAQIDBAUGJCVYJHZlcnNpb25YJG9iamVjdHNZJGFyY2hpdmVyVCR0b3ASAAGGoKgHCBMUFRYaIVUkbnVsbNMJCgsMDxJXTlMua2V5c1pOUy5vYmplY3RzViRjbGFzc6INDoACgAOiEBGABIAFgAdccmVsYXRpdmVQYXRoWWFsaWFzRGF0YV8QYi4uLy4uLy4uL0RvY3VtZW50cy9DT1VSU0VTX1VQX0ZBTU5JVC9NdWx0aXNldC10cmllL21zdHJpZS1yZXBvL21zLXRyaWUvZG9jcy9hbmFseXNpcy8yMDkxOTgwNzkucGRm0hcLGBlXTlMuZGF0YU8RAbQAAAAAAbQAAgAABW1hY09TAAAAAAAAAAAAAAAAAAAAAAAAAAAAAAAAAABCRAAB/////w0yMDkxOTgwNzkucGRmAAAAAAAAAAAAAAAAAAAAAAAAAAAAAAAAAAAAAAAAAAAAAAAAAAAAAAAAAAAAAAAAAAD/////AAAAAAAAAAAAAAAAAAMACAAACiBjdQAAAAAAAAAAAAAAAAAIYW5hbHlzaXMAAgBmLzpVc2VyczpuaWNrOkRvY3VtZW50czpDT1VSU0VTX1VQX0ZBTU5JVDpNdWx0aXNldC10cmllOm1zdHJpZS1yZXBvOm1zLXRyaWU6ZG9jczphbmFseXNpczoyMDkxOTgwNzkucGRmAA4AHAANADIAMAA5ADEAOQA4ADAANwA5AC4AcABkAGYADwAMAAUAbQBhAGMATwBTABIAZFVzZXJzL25pY2svRG9jdW1lbnRzL0NPVVJTRVNfVVBfRkFNTklUL011bHRpc2V0LXRyaWUvbXN0cmllLXJlcG8vbXMtdHJpZS9kb2NzL2FuYWx5c2lzLzIwOTE5ODA3OS5wZGYAEwABLwAAFQACAAv//wAAgAbSGxwdHlokY2xhc3NuYW1lWCRjbGFzc2VzXU5TTXV0YWJsZURhdGGjHR8gVk5TRGF0YVhOU09iamVjdNIbHCIjXE5TRGljdGlvbmFyeaIiIF8QD05TS2V5ZWRBcmNoaXZlctEmJ1Ryb290gAEACAARABoAIwAtADIANwBAAEYATQBVAGAAZwBqAGwAbgBxAHMAdQB3AIQAjgDzAPgBAAK4AroCvwLKAtMC4QLlAuwC9QL6AwcDCgMcAx8DJAAAAAAAAAIBAAAAAAAAACgAAAAAAAAAAAAAAAAAAAMm}}

@book{sedgewick2013introduction,
	Author = {Sedgewick, Robert and Flajolet, Philippe},
	Date-Added = {2017-05-28 13:41:48 +0000},
	Date-Modified = {2017-05-28 13:41:48 +0000},
	Publisher = {Addison-Wesley},
	Title = {An introduction to the analysis of algorithms},
	Year = {2013},
	Bdsk-File-1 = {YnBsaXN0MDDUAQIDBAUGJCVYJHZlcnNpb25YJG9iamVjdHNZJGFyY2hpdmVyVCR0b3ASAAGGoKgHCBMUFRYaIVUkbnVsbNMJCgsMDxJXTlMua2V5c1pOUy5vYmplY3RzViRjbGFzc6INDoACgAOiEBGABIAFgAdccmVsYXRpdmVQYXRoWWFsaWFzRGF0YV8QnS4uLy4uLy4uL0RvY3VtZW50cy9DT1VSU0VTX1VQX0ZBTU5JVC9NdWx0aXNldC10cmllL21zdHJpZS1yZXBvL21zLXRyaWUvZG9jcy9hbmFseXNpcy9TZWRnZXdpY2stQW4gSW50cm9kdWN0aW9uIHRvIHRoZSBBbmFseXNpcyBvZiBBbGdvcml0aG1zLCAybmQgRWRpdGlvbi5wZGbSFwsYGVdOUy5kYXRhTxECogAAAAACogACAAAFbWFjT1MAAAAAAAAAAAAAAAAAAAAAAAAAAAAAAAAAAEJEAAH/////H1NlZGdld2ljay1BbiBJbnRybyNGRkZGRkZGRi5wZGYAAAAAAAAAAAAAAAAAAAAAAAAAAAAAAAAAAAAAAAAAAP////8AAAAAAAAAAAAAAAAAAwAIAAAKIGN1AAAAAAAAAAAAAAAAAAhhbmFseXNpcwACAKEvOlVzZXJzOm5pY2s6RG9jdW1lbnRzOkNPVVJTRVNfVVBfRkFNTklUOk11bHRpc2V0LXRyaWU6bXN0cmllLXJlcG86bXMtdHJpZTpkb2NzOmFuYWx5c2lzOlNlZGdld2ljay1BbiBJbnRyb2R1Y3Rpb24gdG8gdGhlIEFuYWx5c2lzIG9mIEFsZ29yaXRobXMsIDJuZCBFZGl0aW9uLnBkZgAADgCSAEgAUwBlAGQAZwBlAHcAaQBjAGsALQBBAG4AIABJAG4AdAByAG8AZAB1AGMAdABpAG8AbgAgAHQAbwAgAHQAaABlACAAQQBuAGEAbAB5AHMAaQBzACAAbwBmACAAQQBsAGcAbwByAGkAdABoAG0AcwAsACAAMgBuAGQAIABFAGQAaQB0AGkAbwBuAC4AcABkAGYADwAMAAUAbQBhAGMATwBTABIAn1VzZXJzL25pY2svRG9jdW1lbnRzL0NPVVJTRVNfVVBfRkFNTklUL011bHRpc2V0LXRyaWUvbXN0cmllLXJlcG8vbXMtdHJpZS9kb2NzL2FuYWx5c2lzL1NlZGdld2ljay1BbiBJbnRyb2R1Y3Rpb24gdG8gdGhlIEFuYWx5c2lzIG9mIEFsZ29yaXRobXMsIDJuZCBFZGl0aW9uLnBkZgAAEwABLwAAFQACAAv//wAAgAbSGxwdHlokY2xhc3NuYW1lWCRjbGFzc2VzXU5TTXV0YWJsZURhdGGjHR8gVk5TRGF0YVhOU09iamVjdNIbHCIjXE5TRGljdGlvbmFyeaIiIF8QD05TS2V5ZWRBcmNoaXZlctEmJ1Ryb290gAEACAARABoAIwAtADIANwBAAEYATQBVAGAAZwBqAGwAbgBxAHMAdQB3AIQAjgEuATMBOwPhA+MD6APzA/wECgQOBBUEHgQjBDAEMwRFBEgETQAAAAAAAAIBAAAAAAAAACgAAAAAAAAAAAAAAAAAAARP}}

@book{baeza1999modern,
	Author = {Baeza-Yates, Ricardo and Ribeiro-Neto, Berthier and others},
	Date-Added = {2017-05-28 11:30:21 +0000},
	Date-Modified = {2017-05-28 11:30:21 +0000},
	Title = {Modern information retrieval},
	Volume = {463},
	Year = {1999},
	Bdsk-File-1 = {YnBsaXN0MDDUAQIDBAUGJCVYJHZlcnNpb25YJG9iamVjdHNZJGFyY2hpdmVyVCR0b3ASAAGGoKgHCBMUFRYaIVUkbnVsbNMJCgsMDxJXTlMua2V5c1pOUy5vYmplY3RzViRjbGFzc6INDoACgAOiEBGABIAFgAdccmVsYXRpdmVQYXRoWWFsaWFzRGF0YV8QZy4uLy4uLy4uL0RvY3VtZW50cy9DT1VSU0VTX1VQX0ZBTU5JVC9NdWx0aXNldC10cmllL21zdHJpZS1yZXBvL21zLXRyaWUvZG9jcy9mdWxsLXRleHRfc2VhcmNoL2NoYXAxMC5wZGbSFwsYGVdOUy5kYXRhTxEBwgAAAAABwgACAAAFbWFjT1MAAAAAAAAAAAAAAAAAAAAAAAAAAAAAAAAAAEJEAAH/////CmNoYXAxMC5wZGYAAAAAAAAAAAAAAAAAAAAAAAAAAAAAAAAAAAAAAAAAAAAAAAAAAAAAAAAAAAAAAAAAAAAAAP////8AAAAAAAAAAAAAAAAAAwAIAAAKIGN1AAAAAAAAAAAAAAAAABBmdWxsLXRleHRfc2VhcmNoAAIAay86VXNlcnM6bmljazpEb2N1bWVudHM6Q09VUlNFU19VUF9GQU1OSVQ6TXVsdGlzZXQtdHJpZTptc3RyaWUtcmVwbzptcy10cmllOmRvY3M6ZnVsbC10ZXh0X3NlYXJjaDpjaGFwMTAucGRmAAAOABYACgBjAGgAYQBwADEAMAAuAHAAZABmAA8ADAAFAG0AYQBjAE8AUwASAGlVc2Vycy9uaWNrL0RvY3VtZW50cy9DT1VSU0VTX1VQX0ZBTU5JVC9NdWx0aXNldC10cmllL21zdHJpZS1yZXBvL21zLXRyaWUvZG9jcy9mdWxsLXRleHRfc2VhcmNoL2NoYXAxMC5wZGYAABMAAS8AABUAAgAL//8AAIAG0hscHR5aJGNsYXNzbmFtZVgkY2xhc3Nlc11OU011dGFibGVEYXRhox0fIFZOU0RhdGFYTlNPYmplY3TSGxwiI1xOU0RpY3Rpb25hcnmiIiBfEA9OU0tleWVkQXJjaGl2ZXLRJidUcm9vdIABAAgAEQAaACMALQAyADcAQABGAE0AVQBgAGcAagBsAG4AcQBzAHUAdwCEAI4A+AD9AQUCywLNAtIC3QLmAvQC+AL/AwgDDQMaAx0DLwMyAzcAAAAAAAACAQAAAAAAAAAoAAAAAAAAAAAAAAAAAAADOQ==}}

@article{harris1954distributional,
	Author = {Harris, Zellig S},
	Date-Added = {2017-05-27 19:06:08 +0000},
	Date-Modified = {2017-05-27 19:06:08 +0000},
	Journal = {Word},
	Number = {2-3},
	Pages = {146--162},
	Publisher = {Taylor \& Francis},
	Title = {Distributional structure},
	Volume = {10},
	Year = {1954},
	Bdsk-File-1 = {YnBsaXN0MDDUAQIDBAUGJCVYJHZlcnNpb25YJG9iamVjdHNZJGFyY2hpdmVyVCR0b3ASAAGGoKgHCBMUFRYaIVUkbnVsbNMJCgsMDxJXTlMua2V5c1pOUy5vYmplY3RzViRjbGFzc6INDoACgAOiEBGABIAFgAdccmVsYXRpdmVQYXRoWWFsaWFzRGF0YV8QcC4uLy4uLy4uL0RvY3VtZW50cy9DT1VSU0VTX1VQX0ZBTU5JVC9NdWx0aXNldC10cmllL21zdHJpZS1yZXBvL21zLXRyaWUvZG9jcy9nZW5lcmFsL0Rpc3RyaWJ1dGlvbmFsIFN0cnVjdHVyZS5wZGbSFwsYGVdOUy5kYXRhTxEB7gAAAAAB7gACAAAFbWFjT1MAAAAAAAAAAAAAAAAAAAAAAAAAAAAAAAAAAEJEAAH/////HERpc3RyaWJ1dGlvbmFsIFN0cnVjdHVyZS5wZGYAAAAAAAAAAAAAAAAAAAAAAAAAAAAAAAAAAAAAAAAAAAAAAP////8AAAAAAAAAAAAAAAAAAwAIAAAKIGN1AAAAAAAAAAAAAAAAAAdnZW5lcmFsAAACAHQvOlVzZXJzOm5pY2s6RG9jdW1lbnRzOkNPVVJTRVNfVVBfRkFNTklUOk11bHRpc2V0LXRyaWU6bXN0cmllLXJlcG86bXMtdHJpZTpkb2NzOmdlbmVyYWw6RGlzdHJpYnV0aW9uYWwgU3RydWN0dXJlLnBkZgAOADoAHABEAGkAcwB0AHIAaQBiAHUAdABpAG8AbgBhAGwAIABTAHQAcgB1AGMAdAB1AHIAZQAuAHAAZABmAA8ADAAFAG0AYQBjAE8AUwASAHJVc2Vycy9uaWNrL0RvY3VtZW50cy9DT1VSU0VTX1VQX0ZBTU5JVC9NdWx0aXNldC10cmllL21zdHJpZS1yZXBvL21zLXRyaWUvZG9jcy9nZW5lcmFsL0Rpc3RyaWJ1dGlvbmFsIFN0cnVjdHVyZS5wZGYAEwABLwAAFQACAAv//wAAgAbSGxwdHlokY2xhc3NuYW1lWCRjbGFzc2VzXU5TTXV0YWJsZURhdGGjHR8gVk5TRGF0YVhOU09iamVjdNIbHCIjXE5TRGljdGlvbmFyeaIiIF8QD05TS2V5ZWRBcmNoaXZlctEmJ1Ryb290gAEACAARABoAIwAtADIANwBAAEYATQBVAGAAZwBqAGwAbgBxAHMAdQB3AIQAjgEBAQYBDgMAAwIDBwMSAxsDKQMtAzQDPQNCA08DUgNkA2cDbAAAAAAAAAIBAAAAAAAAACgAAAAAAAAAAAAAAAAAAANu}}

@inproceedings{kornacker1999high,
	Author = {Kornacker, Marcel},
	Booktitle = {VLDB},
	Date-Added = {2017-05-27 18:52:18 +0000},
	Date-Modified = {2017-05-27 18:52:18 +0000},
	Pages = {699--708},
	Title = {High-performance extensible indexing},
	Volume = {99},
	Year = {1999},
	Bdsk-File-1 = {YnBsaXN0MDDUAQIDBAUGJCVYJHZlcnNpb25YJG9iamVjdHNZJGFyY2hpdmVyVCR0b3ASAAGGoKgHCBMUFRYaIVUkbnVsbNMJCgsMDxJXTlMua2V5c1pOUy5vYmplY3RzViRjbGFzc6INDoACgAOiEBGABIAFgAdccmVsYXRpdmVQYXRoWWFsaWFzRGF0YV8QYC4uLy4uLy4uL0RvY3VtZW50cy9DT1VSU0VTX1VQX0ZBTU5JVC9NdWx0aXNldC10cmllL21zdHJpZS1yZXBvL21zLXRyaWUvZG9jcy9naXN0L2hpcGVyZi1naXN0LnBkZtIXCxgZV05TLmRhdGFPEQGwAAAAAAGwAAIAAAVtYWNPUwAAAAAAAAAAAAAAAAAAAAAAAAAAAAAAAAAAQkQAAf////8PaGlwZXJmLWdpc3QucGRmAAAAAAAAAAAAAAAAAAAAAAAAAAAAAAAAAAAAAAAAAAAAAAAAAAAAAAAAAAAAAAAA/////wAAAAAAAAAAAAAAAAADAAgAAAogY3UAAAAAAAAAAAAAAAAABGdpc3QAAgBkLzpVc2VyczpuaWNrOkRvY3VtZW50czpDT1VSU0VTX1VQX0ZBTU5JVDpNdWx0aXNldC10cmllOm1zdHJpZS1yZXBvOm1zLXRyaWU6ZG9jczpnaXN0OmhpcGVyZi1naXN0LnBkZgAOACAADwBoAGkAcABlAHIAZgAtAGcAaQBzAHQALgBwAGQAZgAPAAwABQBtAGEAYwBPAFMAEgBiVXNlcnMvbmljay9Eb2N1bWVudHMvQ09VUlNFU19VUF9GQU1OSVQvTXVsdGlzZXQtdHJpZS9tc3RyaWUtcmVwby9tcy10cmllL2RvY3MvZ2lzdC9oaXBlcmYtZ2lzdC5wZGYAEwABLwAAFQACAAv//wAAgAbSGxwdHlokY2xhc3NuYW1lWCRjbGFzc2VzXU5TTXV0YWJsZURhdGGjHR8gVk5TRGF0YVhOU09iamVjdNIbHCIjXE5TRGljdGlvbmFyeaIiIF8QD05TS2V5ZWRBcmNoaXZlctEmJ1Ryb290gAEACAARABoAIwAtADIANwBAAEYATQBVAGAAZwBqAGwAbgBxAHMAdQB3AIQAjgDxAPYA/gKyArQCuQLEAs0C2wLfAuYC7wL0AwEDBAMWAxkDHgAAAAAAAAIBAAAAAAAAACgAAAAAAAAAAAAAAAAAAAMg}}

@book{hellerstein1995generalized,
	Author = {Hellerstein, Joseph M and Naughton, Jeffrey F and Pfeffer, Avi},
	Date-Added = {2017-05-27 18:50:27 +0000},
	Date-Modified = {2017-05-27 18:50:27 +0000},
	Publisher = {September},
	Title = {Generalized search trees for database systems},
	Year = {1995},
	Bdsk-File-1 = {YnBsaXN0MDDUAQIDBAUGJCVYJHZlcnNpb25YJG9iamVjdHNZJGFyY2hpdmVyVCR0b3ASAAGGoKgHCBMUFRYaIVUkbnVsbNMJCgsMDxJXTlMua2V5c1pOUy5vYmplY3RzViRjbGFzc6INDoACgAOiEBGABIAFgAdccmVsYXRpdmVQYXRoWWFsaWFzRGF0YV8QYC4uLy4uLy4uL0RvY3VtZW50cy9DT1VSU0VTX1VQX0ZBTU5JVC9NdWx0aXNldC10cmllL21zdHJpZS1yZXBvL21zLXRyaWUvZG9jcy9naXN0L3ZsZGI5NS1naXN0LnBkZtIXCxgZV05TLmRhdGFPEQGwAAAAAAGwAAIAAAVtYWNPUwAAAAAAAAAAAAAAAAAAAAAAAAAAAAAAAAAAQkQAAf////8PdmxkYjk1LWdpc3QucGRmAAAAAAAAAAAAAAAAAAAAAAAAAAAAAAAAAAAAAAAAAAAAAAAAAAAAAAAAAAAAAAAA/////wAAAAAAAAAAAAAAAAADAAgAAAogY3UAAAAAAAAAAAAAAAAABGdpc3QAAgBkLzpVc2VyczpuaWNrOkRvY3VtZW50czpDT1VSU0VTX1VQX0ZBTU5JVDpNdWx0aXNldC10cmllOm1zdHJpZS1yZXBvOm1zLXRyaWU6ZG9jczpnaXN0OnZsZGI5NS1naXN0LnBkZgAOACAADwB2AGwAZABiADkANQAtAGcAaQBzAHQALgBwAGQAZgAPAAwABQBtAGEAYwBPAFMAEgBiVXNlcnMvbmljay9Eb2N1bWVudHMvQ09VUlNFU19VUF9GQU1OSVQvTXVsdGlzZXQtdHJpZS9tc3RyaWUtcmVwby9tcy10cmllL2RvY3MvZ2lzdC92bGRiOTUtZ2lzdC5wZGYAEwABLwAAFQACAAv//wAAgAbSGxwdHlokY2xhc3NuYW1lWCRjbGFzc2VzXU5TTXV0YWJsZURhdGGjHR8gVk5TRGF0YVhOU09iamVjdNIbHCIjXE5TRGljdGlvbmFyeaIiIF8QD05TS2V5ZWRBcmNoaXZlctEmJ1Ryb290gAEACAARABoAIwAtADIANwBAAEYATQBVAGAAZwBqAGwAbgBxAHMAdQB3AIQAjgDxAPYA/gKyArQCuQLEAs0C2wLfAuYC7wL0AwEDBAMWAxkDHgAAAAAAAAIBAAAAAAAAACgAAAAAAAAAAAAAAAAAAAMg}}

@article{singh2007overview,
	Author = {Singh, D and Ibrahim, A and Yohanna, T and Singh, J},
	Date-Added = {2017-03-12 15:04:11 +0000},
	Date-Modified = {2017-03-12 15:04:11 +0000},
	Journal = {Novi Sad Journal of Mathematics},
	Number = {3},
	Pages = {73--92},
	Title = {An overview of the applications of multisets},
	Volume = {37},
	Year = {2007},
	Bdsk-File-1 = {YnBsaXN0MDDUAQIDBAUGJCVYJHZlcnNpb25YJG9iamVjdHNZJGFyY2hpdmVyVCR0b3ASAAGGoKgHCBMUFRYaIVUkbnVsbNMJCgsMDxJXTlMua2V5c1pOUy5vYmplY3RzViRjbGFzc6INDoACgAOiEBGABIAFgAdccmVsYXRpdmVQYXRoWWFsaWFzRGF0YV8Qai4uLy4uLy4uL0RvY3VtZW50cy9DT1VSU0VTX1VQX0ZBTU5JVC9NdWx0aXNldC10cmllL21zdHJpZS1yZXBvL21zLXRyaWUvZG9jcy9nZW5lcmFsL05TSk9NXzM3XzJfMDczXzA5Mi5wZGbSFwsYGVdOUy5kYXRhTxEB1gAAAAAB1gACAAAFbWFjT1MAAAAAAAAAAAAAAAAAAAAAAAAAAAAAAAAAAEJEAAH/////Fk5TSk9NXzM3XzJfMDczXzA5Mi5wZGYAAAAAAAAAAAAAAAAAAAAAAAAAAAAAAAAAAAAAAAAAAAAAAAAAAAAAAP////8AAAAAAAAAAAAAAAAAAwAIAAAKIGN1AAAAAAAAAAAAAAAAAAdnZW5lcmFsAAACAG4vOlVzZXJzOm5pY2s6RG9jdW1lbnRzOkNPVVJTRVNfVVBfRkFNTklUOk11bHRpc2V0LXRyaWU6bXN0cmllLXJlcG86bXMtdHJpZTpkb2NzOmdlbmVyYWw6TlNKT01fMzdfMl8wNzNfMDkyLnBkZgAOAC4AFgBOAFMASgBPAE0AXwAzADcAXwAyAF8AMAA3ADMAXwAwADkAMgAuAHAAZABmAA8ADAAFAG0AYQBjAE8AUwASAGxVc2Vycy9uaWNrL0RvY3VtZW50cy9DT1VSU0VTX1VQX0ZBTU5JVC9NdWx0aXNldC10cmllL21zdHJpZS1yZXBvL21zLXRyaWUvZG9jcy9nZW5lcmFsL05TSk9NXzM3XzJfMDczXzA5Mi5wZGYAEwABLwAAFQACAAv//wAAgAbSGxwdHlokY2xhc3NuYW1lWCRjbGFzc2VzXU5TTXV0YWJsZURhdGGjHR8gVk5TRGF0YVhOU09iamVjdNIbHCIjXE5TRGljdGlvbmFyeaIiIF8QD05TS2V5ZWRBcmNoaXZlctEmJ1Ryb290gAEACAARABoAIwAtADIANwBAAEYATQBVAGAAZwBqAGwAbgBxAHMAdQB3AIQAjgD7AQABCALiAuQC6QL0Av0DCwMPAxYDHwMkAzEDNANGA0kDTgAAAAAAAAIBAAAAAAAAACgAAAAAAAAAAAAAAAAAAANQ}}

@inproceedings{savnik2013index,
	Author = {Savnik, Iztok},
	Booktitle = {International Conference on Availability, Reliability, and Security},
	Date-Added = {2017-02-22 19:02:31 +0000},
	Date-Modified = {2017-02-22 19:02:31 +0000},
	Organization = {Springer},
	Pages = {134--148},
	Title = {Index data structure for fast subset and superset queries},
	Year = {2013},
	Bdsk-File-1 = {YnBsaXN0MDDUAQIDBAUGJCVYJHZlcnNpb25YJG9iamVjdHNZJGFyY2hpdmVyVCR0b3ASAAGGoKgHCBMUFRYaIVUkbnVsbNMJCgsMDxJXTlMua2V5c1pOUy5vYmplY3RzViRjbGFzc6INDoACgAOiEBGABIAFgAdccmVsYXRpdmVQYXRoWWFsaWFzRGF0YV8Qki4uLy4uLy4uL0RvY3VtZW50cy9DT1VSU0VTX1VQX0ZBTU5JVC9NdWx0aXNldC10cmllL21zdHJpZS1yZXBvL21zLXRyaWUvZG9jcy9nZW5lcmFsL0luZGV4IGRhdGEgc3RydWN0dXJlcyBmb3IgZmFzdCBzdWJzZXQgYW5kIHN1cGVyc2V0IHF1ZXJpZXMucGRm0hcLGBlXTlMuZGF0YU8RAnYAAAAAAnYAAgAABW1hY09TAAAAAAAAAAAAAAAAAAAAAAAAAAAAAAAAAABCRAAB/////x9JbmRleCBkYXRhIHN0cnVjdHUjRkZGRkZGRkYucGRmAAAAAAAAAAAAAAAAAAAAAAAAAAAAAAAAAAAAAAAAAAD/////AAAAAAAAAAAAAAAAAAMACAAACiBjdQAAAAAAAAAAAAAAAAAHZ2VuZXJhbAAAAgCWLzpVc2VyczpuaWNrOkRvY3VtZW50czpDT1VSU0VTX1VQX0ZBTU5JVDpNdWx0aXNldC10cmllOm1zdHJpZS1yZXBvOm1zLXRyaWU6ZG9jczpnZW5lcmFsOkluZGV4IGRhdGEgc3RydWN0dXJlcyBmb3IgZmFzdCBzdWJzZXQgYW5kIHN1cGVyc2V0IHF1ZXJpZXMucGRmAA4AfgA+AEkAbgBkAGUAeAAgAGQAYQB0AGEAIABzAHQAcgB1AGMAdAB1AHIAZQBzACAAZgBvAHIAIABmAGEAcwB0ACAAcwB1AGIAcwBlAHQAIABhAG4AZAAgAHMAdQBwAGUAcgBzAGUAdAAgAHEAdQBlAHIAaQBlAHMALgBwAGQAZgAPAAwABQBtAGEAYwBPAFMAEgCUVXNlcnMvbmljay9Eb2N1bWVudHMvQ09VUlNFU19VUF9GQU1OSVQvTXVsdGlzZXQtdHJpZS9tc3RyaWUtcmVwby9tcy10cmllL2RvY3MvZ2VuZXJhbC9JbmRleCBkYXRhIHN0cnVjdHVyZXMgZm9yIGZhc3Qgc3Vic2V0IGFuZCBzdXBlcnNldCBxdWVyaWVzLnBkZgATAAEvAAAVAAIAC///AACABtIbHB0eWiRjbGFzc25hbWVYJGNsYXNzZXNdTlNNdXRhYmxlRGF0YaMdHyBWTlNEYXRhWE5TT2JqZWN00hscIiNcTlNEaWN0aW9uYXJ5oiIgXxAPTlNLZXllZEFyY2hpdmVy0SYnVHJvb3SAAQAIABEAGgAjAC0AMgA3AEAARgBNAFUAYABnAGoAbABuAHEAcwB1AHcAhACOASMBKAEwA6oDrAOxA7wDxQPTA9cD3gPnA+wD+QP8BA4EEQQWAAAAAAAAAgEAAAAAAAAAKAAAAAAAAAAAAAAAAAAABBg=}}

@article{dobrow1996multiway,
	Author = {Dobrow, Robert P and Fill, James Allen},
	Date-Added = {2017-02-21 23:08:42 +0000},
	Date-Modified = {2017-02-21 23:08:42 +0000},
	Journal = {Combinatorics, Probability and Computing},
	Number = {04},
	Pages = {351--371},
	Publisher = {Cambridge Univ Press},
	Title = {Multiway trees of maximum and minimum probability under the random permutation model},
	Volume = {5},
	Year = {1996},
	Bdsk-File-1 = {YnBsaXN0MDDUAQIDBAUGJCVYJHZlcnNpb25YJG9iamVjdHNZJGFyY2hpdmVyVCR0b3ASAAGGoKgHCBMUFRYaIVUkbnVsbNMJCgsMDxJXTlMua2V5c1pOUy5vYmplY3RzViRjbGFzc6INDoACgAOiEBGABIAFgAdccmVsYXRpdmVQYXRoWWFsaWFzRGF0YV8QYS4uLy4uLy4uL0RvY3VtZW50cy9DT1VSU0VTX1VQX0ZBTU5JVC9NdWx0aXNldC10cmllL21zdHJpZS1yZXBvL21zLXRyaWUvZG9jcy9hbmFseXNpcy9tdWx0aXdheS5wZGbSFwsYGVdOUy5kYXRhTxEBsgAAAAABsgACAAAFbWFjT1MAAAAAAAAAAAAAAAAAAAAAAAAAAAAAAAAAAEJEAAH/////DG11bHRpd2F5LnBkZgAAAAAAAAAAAAAAAAAAAAAAAAAAAAAAAAAAAAAAAAAAAAAAAAAAAAAAAAAAAAAAAAAAAP////8AAAAAAAAAAAAAAAAAAwAIAAAKIGN1AAAAAAAAAAAAAAAAAAhhbmFseXNpcwACAGUvOlVzZXJzOm5pY2s6RG9jdW1lbnRzOkNPVVJTRVNfVVBfRkFNTklUOk11bHRpc2V0LXRyaWU6bXN0cmllLXJlcG86bXMtdHJpZTpkb2NzOmFuYWx5c2lzOm11bHRpd2F5LnBkZgAADgAaAAwAbQB1AGwAdABpAHcAYQB5AC4AcABkAGYADwAMAAUAbQBhAGMATwBTABIAY1VzZXJzL25pY2svRG9jdW1lbnRzL0NPVVJTRVNfVVBfRkFNTklUL011bHRpc2V0LXRyaWUvbXN0cmllLXJlcG8vbXMtdHJpZS9kb2NzL2FuYWx5c2lzL211bHRpd2F5LnBkZgAAEwABLwAAFQACAAv//wAAgAbSGxwdHlokY2xhc3NuYW1lWCRjbGFzc2VzXU5TTXV0YWJsZURhdGGjHR8gVk5TRGF0YVhOU09iamVjdNIbHCIjXE5TRGljdGlvbmFyeaIiIF8QD05TS2V5ZWRBcmNoaXZlctEmJ1Ryb290gAEACAARABoAIwAtADIANwBAAEYATQBVAGAAZwBqAGwAbgBxAHMAdQB3AIQAjgDyAPcA/wK1ArcCvALHAtAC3gLiAukC8gL3AwQDBwMZAxwDIQAAAAAAAAIBAAAAAAAAACgAAAAAAAAAAAAAAAAAAAMj}}

@article{ralaivaosaona2016additive,
	Author = {Ralaivaosaona, Dimbinaina and Wagner, Stephan},
	Date-Added = {2017-02-21 22:40:48 +0000},
	Date-Modified = {2017-02-21 22:40:48 +0000},
	Journal = {arXiv preprint arXiv:1605.03918},
	Title = {Additive functionals of $ d $-ary increasing trees},
	Year = {2016},
	Bdsk-File-1 = {YnBsaXN0MDDUAQIDBAUGJCVYJHZlcnNpb25YJG9iamVjdHNZJGFyY2hpdmVyVCR0b3ASAAGGoKgHCBMUFRYaIVUkbnVsbNMJCgsMDxJXTlMua2V5c1pOUy5vYmplY3RzViRjbGFzc6INDoACgAOiEBGABIAFgAdccmVsYXRpdmVQYXRoWWFsaWFzRGF0YV8Qay4uLy4uLy4uL0RvY3VtZW50cy9DT1VSU0VTX1VQX0ZBTU5JVC9NdWx0aXNldC10cmllL21zdHJpZS1yZXBvL21zLXRyaWUvZG9jcy9hbmFseXNpcy9JbmNyZWFzaW5nQWRkaXRpdmUucGRm0hcLGBlXTlMuZGF0YU8RAdoAAAAAAdoAAgAABW1hY09TAAAAAAAAAAAAAAAAAAAAAAAAAAAAAAAAAABCRAAB/////xZJbmNyZWFzaW5nQWRkaXRpdmUucGRmAAAAAAAAAAAAAAAAAAAAAAAAAAAAAAAAAAAAAAAAAAAAAAAAAAAAAAD/////AAAAAAAAAAAAAAAAAAMACAAACiBjdQAAAAAAAAAAAAAAAAAIYW5hbHlzaXMAAgBvLzpVc2VyczpuaWNrOkRvY3VtZW50czpDT1VSU0VTX1VQX0ZBTU5JVDpNdWx0aXNldC10cmllOm1zdHJpZS1yZXBvOm1zLXRyaWU6ZG9jczphbmFseXNpczpJbmNyZWFzaW5nQWRkaXRpdmUucGRmAAAOAC4AFgBJAG4AYwByAGUAYQBzAGkAbgBnAEEAZABkAGkAdABpAHYAZQAuAHAAZABmAA8ADAAFAG0AYQBjAE8AUwASAG1Vc2Vycy9uaWNrL0RvY3VtZW50cy9DT1VSU0VTX1VQX0ZBTU5JVC9NdWx0aXNldC10cmllL21zdHJpZS1yZXBvL21zLXRyaWUvZG9jcy9hbmFseXNpcy9JbmNyZWFzaW5nQWRkaXRpdmUucGRmAAATAAEvAAAVAAIAC///AACABtIbHB0eWiRjbGFzc25hbWVYJGNsYXNzZXNdTlNNdXRhYmxlRGF0YaMdHyBWTlNEYXRhWE5TT2JqZWN00hscIiNcTlNEaWN0aW9uYXJ5oiIgXxAPTlNLZXllZEFyY2hpdmVy0SYnVHJvb3SAAQAIABEAGgAjAC0AMgA3AEAARgBNAFUAYABnAGoAbABuAHEAcwB1AHcAhACOAPwBAQEJAucC6QLuAvkDAgMQAxQDGwMkAykDNgM5A0sDTgNTAAAAAAAAAgEAAAAAAAAAKAAAAAAAAAAAAAAAAAAAA1U=}}

@article{javanian2012branches,
	Author = {Javanian, Mehri and Asl, Vahidi and Mohammad, Q},
	Date-Added = {2017-02-21 22:39:05 +0000},
	Date-Modified = {2017-02-21 22:39:05 +0000},
	Journal = {Bulletin of the Iranian Mathematical Society},
	Number = {2},
	Pages = {323--331},
	Title = {Branches in random recursive k-ary trees},
	Volume = {38},
	Year = {2012},
	Bdsk-File-1 = {YnBsaXN0MDDUAQIDBAUGJCVYJHZlcnNpb25YJG9iamVjdHNZJGFyY2hpdmVyVCR0b3ASAAGGoKgHCBMUFRYaIVUkbnVsbNMJCgsMDxJXTlMua2V5c1pOUy5vYmplY3RzViRjbGFzc6INDoACgAOiEBGABIAFgAdccmVsYXRpdmVQYXRoWWFsaWFzRGF0YV8Qai4uLy4uLy4uL0RvY3VtZW50cy9DT1VSU0VTX1VQX0ZBTU5JVC9NdWx0aXNldC10cmllL21zdHJpZS1yZXBvL21zLXRyaWUvZG9jcy9hbmFseXNpcy9CSU1TMjAwMTM0MjI5NDIwMC5wZGbSFwsYGVdOUy5kYXRhTxEB1AAAAAAB1AACAAAFbWFjT1MAAAAAAAAAAAAAAAAAAAAAAAAAAAAAAAAAAEJEAAH/////FUJJTVMyMDAxMzQyMjk0MjAwLnBkZgAAAAAAAAAAAAAAAAAAAAAAAAAAAAAAAAAAAAAAAAAAAAAAAAAAAAAAAP////8AAAAAAAAAAAAAAAAAAwAIAAAKIGN1AAAAAAAAAAAAAAAAAAhhbmFseXNpcwACAG4vOlVzZXJzOm5pY2s6RG9jdW1lbnRzOkNPVVJTRVNfVVBfRkFNTklUOk11bHRpc2V0LXRyaWU6bXN0cmllLXJlcG86bXMtdHJpZTpkb2NzOmFuYWx5c2lzOkJJTVMyMDAxMzQyMjk0MjAwLnBkZgAOACwAFQBCAEkATQBTADIAMAAwADEAMwA0ADIAMgA5ADQAMgAwADAALgBwAGQAZgAPAAwABQBtAGEAYwBPAFMAEgBsVXNlcnMvbmljay9Eb2N1bWVudHMvQ09VUlNFU19VUF9GQU1OSVQvTXVsdGlzZXQtdHJpZS9tc3RyaWUtcmVwby9tcy10cmllL2RvY3MvYW5hbHlzaXMvQklNUzIwMDEzNDIyOTQyMDAucGRmABMAAS8AABUAAgAL//8AAIAG0hscHR5aJGNsYXNzbmFtZVgkY2xhc3Nlc11OU011dGFibGVEYXRhox0fIFZOU0RhdGFYTlNPYmplY3TSGxwiI1xOU0RpY3Rpb25hcnmiIiBfEA9OU0tleWVkQXJjaGl2ZXLRJidUcm9vdIABAAgAEQAaACMALQAyADcAQABGAE0AVQBgAGcAagBsAG4AcQBzAHUAdwCEAI4A+wEAAQgC4ALiAucC8gL7AwkDDQMUAx0DIgMvAzIDRANHA0wAAAAAAAACAQAAAAAAAAAoAAAAAAAAAAAAAAAAAAADTg==}}

@article{janson2005asymptotic,
	Author = {Janson, Svante},
	Date-Added = {2017-02-21 22:37:13 +0000},
	Date-Modified = {2017-02-21 22:37:13 +0000},
	Journal = {Random Structures \& Algorithms},
	Number = {1-2},
	Pages = {69--83},
	Publisher = {Wiley Online Library},
	Title = {Asymptotic degree distribution in random recursive trees},
	Volume = {26},
	Year = {2005},
	Bdsk-File-1 = {YnBsaXN0MDDUAQIDBAUGJCVYJHZlcnNpb25YJG9iamVjdHNZJGFyY2hpdmVyVCR0b3ASAAGGoKgHCBMUFRYaIVUkbnVsbNMJCgsMDxJXTlMua2V5c1pOUy5vYmplY3RzViRjbGFzc6INDoACgAOiEBGABIAFgAdccmVsYXRpdmVQYXRoWWFsaWFzRGF0YV8QZy4uLy4uLy4uL0RvY3VtZW50cy9DT1VSU0VTX1VQX0ZBTU5JVC9NdWx0aXNldC10cmllL21zdHJpZS1yZXBvL21zLXRyaWUvZG9jcy9hbmFseXNpcy8xMC4xLjEuMTQuNDU2MS5wZGbSFwsYGVdOUy5kYXRhTxEBygAAAAABygACAAAFbWFjT1MAAAAAAAAAAAAAAAAAAAAAAAAAAAAAAAAAAEJEAAH/////EjEwLjEuMS4xNC40NTYxLnBkZgAAAAAAAAAAAAAAAAAAAAAAAAAAAAAAAAAAAAAAAAAAAAAAAAAAAAAAAAAAAP////8AAAAAAAAAAAAAAAAAAwAIAAAKIGN1AAAAAAAAAAAAAAAAAAhhbmFseXNpcwACAGsvOlVzZXJzOm5pY2s6RG9jdW1lbnRzOkNPVVJTRVNfVVBfRkFNTklUOk11bHRpc2V0LXRyaWU6bXN0cmllLXJlcG86bXMtdHJpZTpkb2NzOmFuYWx5c2lzOjEwLjEuMS4xNC40NTYxLnBkZgAADgAmABIAMQAwAC4AMQAuADEALgAxADQALgA0ADUANgAxAC4AcABkAGYADwAMAAUAbQBhAGMATwBTABIAaVVzZXJzL25pY2svRG9jdW1lbnRzL0NPVVJTRVNfVVBfRkFNTklUL011bHRpc2V0LXRyaWUvbXN0cmllLXJlcG8vbXMtdHJpZS9kb2NzL2FuYWx5c2lzLzEwLjEuMS4xNC40NTYxLnBkZgAAEwABLwAAFQACAAv//wAAgAbSGxwdHlokY2xhc3NuYW1lWCRjbGFzc2VzXU5TTXV0YWJsZURhdGGjHR8gVk5TRGF0YVhOU09iamVjdNIbHCIjXE5TRGljdGlvbmFyeaIiIF8QD05TS2V5ZWRBcmNoaXZlctEmJ1Ryb290gAEACAARABoAIwAtADIANwBAAEYATQBVAGAAZwBqAGwAbgBxAHMAdQB3AIQAjgD4AP0BBQLTAtUC2gLlAu4C/AMAAwcDEAMVAyIDJQM3AzoDPwAAAAAAAAIBAAAAAAAAACgAAAAAAAAAAAAAAAAAAANB}}

@inproceedings{aoki1991implementation,
	Author = {Aoki, Paul M},
	Booktitle = {ACM SIGIR Forum},
	Date-Added = {2017-02-19 19:45:59 +0000},
	Date-Modified = {2017-02-19 19:45:59 +0000},
	Number = {1},
	Organization = {ACM},
	Pages = {2--9},
	Title = {Implementation of extended indexes in POSTGRES},
	Volume = {25},
	Year = {1991},
	Bdsk-File-1 = {YnBsaXN0MDDUAQIDBAUGJCVYJHZlcnNpb25YJG9iamVjdHNZJGFyY2hpdmVyVCR0b3ASAAGGoKgHCBMUFRYaIVUkbnVsbNMJCgsMDxJXTlMua2V5c1pOUy5vYmplY3RzViRjbGFzc6INDoACgAOiEBGABIAFgAdccmVsYXRpdmVQYXRoWWFsaWFzRGF0YV8QkS4uLy4uLy4uL0RvY3VtZW50cy9DT1VSU0VTX1VQX0ZBTU5JVC9NdWx0aXNldC10cmllL21zdHJpZS1yZXBvL21zLXRyaWUvZG9jcy9wb3N0Z3Jlcy9Bb2tpXzE5OTFfSW1wbGVtZW50YXRpb24gb2YgZXh0ZW5kZWQgaW5kZXhlcyBpbiBQT1NUR1JFUy5wZGbSFwsYGVdOUy5kYXRhTxECcgAAAAACcgACAAAFbWFjT1MAAAAAAAAAAAAAAAAAAAAAAAAAAAAAAAAAAEJEAAH/////H0Fva2lfMTk5MV9JbXBsZW1lbiNGRkZGRkZGRi5wZGYAAAAAAAAAAAAAAAAAAAAAAAAAAAAAAAAAAAAAAAAAAP////8AAAAAAAAAAAAAAAAAAwAIAAAKIGN1AAAAAAAAAAAAAAAAAAhwb3N0Z3JlcwACAJUvOlVzZXJzOm5pY2s6RG9jdW1lbnRzOkNPVVJTRVNfVVBfRkFNTklUOk11bHRpc2V0LXRyaWU6bXN0cmllLXJlcG86bXMtdHJpZTpkb2NzOnBvc3RncmVzOkFva2lfMTk5MV9JbXBsZW1lbnRhdGlvbiBvZiBleHRlbmRlZCBpbmRleGVzIGluIFBPU1RHUkVTLnBkZgAADgB6ADwAQQBvAGsAaQBfADEAOQA5ADEAXwBJAG0AcABsAGUAbQBlAG4AdABhAHQAaQBvAG4AIABvAGYAIABlAHgAdABlAG4AZABlAGQAIABpAG4AZABlAHgAZQBzACAAaQBuACAAUABPAFMAVABHAFIARQBTAC4AcABkAGYADwAMAAUAbQBhAGMATwBTABIAk1VzZXJzL25pY2svRG9jdW1lbnRzL0NPVVJTRVNfVVBfRkFNTklUL011bHRpc2V0LXRyaWUvbXN0cmllLXJlcG8vbXMtdHJpZS9kb2NzL3Bvc3RncmVzL0Fva2lfMTk5MV9JbXBsZW1lbnRhdGlvbiBvZiBleHRlbmRlZCBpbmRleGVzIGluIFBPU1RHUkVTLnBkZgAAEwABLwAAFQACAAv//wAAgAbSGxwdHlokY2xhc3NuYW1lWCRjbGFzc2VzXU5TTXV0YWJsZURhdGGjHR8gVk5TRGF0YVhOU09iamVjdNIbHCIjXE5TRGljdGlvbmFyeaIiIF8QD05TS2V5ZWRBcmNoaXZlctEmJ1Ryb290gAEACAARABoAIwAtADIANwBAAEYATQBVAGAAZwBqAGwAbgBxAHMAdQB3AIQAjgEiAScBLwOlA6cDrAO3A8ADzgPSA9kD4gPnA/QD9wQJBAwEEQAAAAAAAAIBAAAAAAAAACgAAAAAAAAAAAAAAAAAAAQT}}

@article{raman2007succinct,
	Author = {Raman, Rajeev and Raman, Venkatesh and Satti, Srinivasa Rao},
	Date-Added = {2017-02-19 19:44:36 +0000},
	Date-Modified = {2017-02-19 19:44:36 +0000},
	Journal = {ACM Transactions on Algorithms (TALG)},
	Number = {4},
	Pages = {43},
	Publisher = {ACM},
	Title = {Succinct indexable dictionaries with applications to encoding k-ary trees, prefix sums and multisets},
	Volume = {3},
	Year = {2007},
	Bdsk-File-1 = {YnBsaXN0MDDUAQIDBAUGJCVYJHZlcnNpb25YJG9iamVjdHNZJGFyY2hpdmVyVCR0b3ASAAGGoKgHCBMUFRYaIVUkbnVsbNMJCgsMDxJXTlMua2V5c1pOUy5vYmplY3RzViRjbGFzc6INDoACgAOiEBGABIAFgAdccmVsYXRpdmVQYXRoWWFsaWFzRGF0YV8QZi4uLy4uLy4uL0RvY3VtZW50cy9DT1VSU0VTX1VQX0ZBTU5JVC9NdWx0aXNldC10cmllL21zdHJpZS1yZXBvL21zLXRyaWUvZG9jcy9yZWxhdGVkX3dvcmsvMDcwNS4wNTUyLnBkZtIXCxgZV05TLmRhdGFPEQHAAAAAAAHAAAIAAAVtYWNPUwAAAAAAAAAAAAAAAAAAAAAAAAAAAAAAAAAAQkQAAf////8NMDcwNS4wNTUyLnBkZgAAAAAAAAAAAAAAAAAAAAAAAAAAAAAAAAAAAAAAAAAAAAAAAAAAAAAAAAAAAAAAAAAA/////wAAAAAAAAAAAAAAAAADAAgAAAogY3UAAAAAAAAAAAAAAAAADHJlbGF0ZWRfd29yawACAGovOlVzZXJzOm5pY2s6RG9jdW1lbnRzOkNPVVJTRVNfVVBfRkFNTklUOk11bHRpc2V0LXRyaWU6bXN0cmllLXJlcG86bXMtdHJpZTpkb2NzOnJlbGF0ZWRfd29yazowNzA1LjA1NTIucGRmAA4AHAANADAANwAwADUALgAwADUANQAyAC4AcABkAGYADwAMAAUAbQBhAGMATwBTABIAaFVzZXJzL25pY2svRG9jdW1lbnRzL0NPVVJTRVNfVVBfRkFNTklUL011bHRpc2V0LXRyaWUvbXN0cmllLXJlcG8vbXMtdHJpZS9kb2NzL3JlbGF0ZWRfd29yay8wNzA1LjA1NTIucGRmABMAAS8AABUAAgAL//8AAIAG0hscHR5aJGNsYXNzbmFtZVgkY2xhc3Nlc11OU011dGFibGVEYXRhox0fIFZOU0RhdGFYTlNPYmplY3TSGxwiI1xOU0RpY3Rpb25hcnmiIiBfEA9OU0tleWVkQXJjaGl2ZXLRJidUcm9vdIABAAgAEQAaACMALQAyADcAQABGAE0AVQBgAGcAagBsAG4AcQBzAHUAdwCEAI4A9wD8AQQCyALKAs8C2gLjAvEC9QL8AwUDCgMXAxoDLAMvAzQAAAAAAAACAQAAAAAAAAAoAAAAAAAAAAAAAAAAAAADNg==}}

@article{steinruecken2015compressing,
	Author = {Steinruecken, Christian},
	Date-Added = {2017-02-19 19:40:37 +0000},
	Date-Modified = {2017-02-19 19:40:37 +0000},
	Journal = {IEEE Transactions on Information Theory},
	Number = {3},
	Pages = {1485--1490},
	Publisher = {IEEE},
	Title = {Compressing sets and multisets of sequences},
	Volume = {61},
	Year = {2015},
	Bdsk-File-1 = {YnBsaXN0MDDUAQIDBAUGJCVYJHZlcnNpb25YJG9iamVjdHNZJGFyY2hpdmVyVCR0b3ASAAGGoKgHCBMUFRYaIVUkbnVsbNMJCgsMDxJXTlMua2V5c1pOUy5vYmplY3RzViRjbGFzc6INDoACgAOiEBGABIAFgAdccmVsYXRpdmVQYXRoWWFsaWFzRGF0YV8QlS4uLy4uLy4uL0RvY3VtZW50cy9DT1VSU0VTX1VQX0ZBTU5JVC9NdWx0aXNldC10cmllL21zdHJpZS1yZXBvL21zLXRyaWUvZG9jcy9nZW5lcmFsL1N0ZWlucnVlY2tlbl8yMDE1X0NvbXByZXNzaW5nIHNldHMgYW5kIG11bHRpc2V0cyBvZiBzZXF1ZW5jZXMucGRm0hcLGBlXTlMuZGF0YU8RAoQAAAAAAoQAAgAABW1hY09TAAAAAAAAAAAAAAAAAAAAAAAAAAAAAAAAAABCRAAB/////x9TdGVpbnJ1ZWNrZW5fMjAxNV8jRkZGRkZGRkYucGRmAAAAAAAAAAAAAAAAAAAAAAAAAAAAAAAAAAAAAAAAAAD/////AAAAAAAAAAAAAAAAAAMACAAACiBjdQAAAAAAAAAAAAAAAAAHZ2VuZXJhbAAAAgCZLzpVc2VyczpuaWNrOkRvY3VtZW50czpDT1VSU0VTX1VQX0ZBTU5JVDpNdWx0aXNldC10cmllOm1zdHJpZS1yZXBvOm1zLXRyaWU6ZG9jczpnZW5lcmFsOlN0ZWlucnVlY2tlbl8yMDE1X0NvbXByZXNzaW5nIHNldHMgYW5kIG11bHRpc2V0cyBvZiBzZXF1ZW5jZXMucGRmAAAOAIQAQQBTAHQAZQBpAG4AcgB1AGUAYwBrAGUAbgBfADIAMAAxADUAXwBDAG8AbQBwAHIAZQBzAHMAaQBuAGcAIABzAGUAdABzACAAYQBuAGQAIABtAHUAbAB0AGkAcwBlAHQAcwAgAG8AZgAgAHMAZQBxAHUAZQBuAGMAZQBzAC4AcABkAGYADwAMAAUAbQBhAGMATwBTABIAl1VzZXJzL25pY2svRG9jdW1lbnRzL0NPVVJTRVNfVVBfRkFNTklUL011bHRpc2V0LXRyaWUvbXN0cmllLXJlcG8vbXMtdHJpZS9kb2NzL2dlbmVyYWwvU3RlaW5ydWVja2VuXzIwMTVfQ29tcHJlc3Npbmcgc2V0cyBhbmQgbXVsdGlzZXRzIG9mIHNlcXVlbmNlcy5wZGYAABMAAS8AABUAAgAL//8AAIAG0hscHR5aJGNsYXNzbmFtZVgkY2xhc3Nlc11OU011dGFibGVEYXRhox0fIFZOU0RhdGFYTlNPYmplY3TSGxwiI1xOU0RpY3Rpb25hcnmiIiBfEA9OU0tleWVkQXJjaGl2ZXLRJidUcm9vdIABAAgAEQAaACMALQAyADcAQABGAE0AVQBgAGcAagBsAG4AcQBzAHUAdwCEAI4BJgErATMDuwO9A8IDzQPWA+QD6APvA/gD/QQKBA0EHwQiBCcAAAAAAAACAQAAAAAAAAAoAAAAAAAAAAAAAAAAAAAEKQ==}}

@article{grossi2005compressed,
	Author = {Grossi, Roberto and Vitter, Jeffrey Scott},
	Date-Added = {2017-02-19 19:40:13 +0000},
	Date-Modified = {2017-02-19 19:40:13 +0000},
	Journal = {SIAM Journal on Computing},
	Number = {2},
	Pages = {378--407},
	Publisher = {SIAM},
	Title = {Compressed suffix arrays and suffix trees with applications to text indexing and string matching},
	Volume = {35},
	Year = {2005},
	Bdsk-File-1 = {YnBsaXN0MDDUAQIDBAUGJCVYJHZlcnNpb25YJG9iamVjdHNZJGFyY2hpdmVyVCR0b3ASAAGGoKgHCBMUFRYaIVUkbnVsbNMJCgsMDxJXTlMua2V5c1pOUy5vYmplY3RzViRjbGFzc6INDoACgAOiEBGABIAFgAdccmVsYXRpdmVQYXRoWWFsaWFzRGF0YV8QzC4uLy4uLy4uL0RvY3VtZW50cy9DT1VSU0VTX1VQX0ZBTU5JVC9NdWx0aXNldC10cmllL21zdHJpZS1yZXBvL21zLXRyaWUvZG9jcy9nZW5lcmFsL0dyb3NzaSwgVml0dGVyXzIwMDVfQ29tcHJlc3NlZCBTdWZmaXggQXJyYXlzIGFuZCBTdWZmaXggVHJlZXMgd2l0aCBBcHBsaWNhdGlvbnMgdG8gVGV4dCBJbmRleGluZyBhbmQgU3RyaW5nIE1hdGNoaW5nLnBkZtIXCxgZV05TLmRhdGFPEQNeAAAAAANeAAIAAAVtYWNPUwAAAAAAAAAAAAAAAAAAAAAAAAAAAAAAAAAAQkQAAf////8fR3Jvc3NpLCBWaXR0ZXJfMjAwI0ZGRkZGRkZGLnBkZgAAAAAAAAAAAAAAAAAAAAAAAAAAAAAAAAAAAAAAAAAA/////wAAAAAAAAAAAAAAAAADAAgAAAogY3UAAAAAAAAAAAAAAAAAB2dlbmVyYWwAAAIA0C86VXNlcnM6bmljazpEb2N1bWVudHM6Q09VUlNFU19VUF9GQU1OSVQ6TXVsdGlzZXQtdHJpZTptc3RyaWUtcmVwbzptcy10cmllOmRvY3M6Z2VuZXJhbDpHcm9zc2ksIFZpdHRlcl8yMDA1X0NvbXByZXNzZWQgU3VmZml4IEFycmF5cyBhbmQgU3VmZml4IFRyZWVzIHdpdGggQXBwbGljYXRpb25zIHRvIFRleHQgSW5kZXhpbmcgYW5kIFN0cmluZyBNYXRjaGluZy5wZGYADgDyAHgARwByAG8AcwBzAGkALAAgAFYAaQB0AHQAZQByAF8AMgAwADAANQBfAEMAbwBtAHAAcgBlAHMAcwBlAGQAIABTAHUAZgBmAGkAeAAgAEEAcgByAGEAeQBzACAAYQBuAGQAIABTAHUAZgBmAGkAeAAgAFQAcgBlAGUAcwAgAHcAaQB0AGgAIABBAHAAcABsAGkAYwBhAHQAaQBvAG4AcwAgAHQAbwAgAFQAZQB4AHQAIABJAG4AZABlAHgAaQBuAGcAIABhAG4AZAAgAFMAdAByAGkAbgBnACAATQBhAHQAYwBoAGkAbgBnAC4AcABkAGYADwAMAAUAbQBhAGMATwBTABIAzlVzZXJzL25pY2svRG9jdW1lbnRzL0NPVVJTRVNfVVBfRkFNTklUL011bHRpc2V0LXRyaWUvbXN0cmllLXJlcG8vbXMtdHJpZS9kb2NzL2dlbmVyYWwvR3Jvc3NpLCBWaXR0ZXJfMjAwNV9Db21wcmVzc2VkIFN1ZmZpeCBBcnJheXMgYW5kIFN1ZmZpeCBUcmVlcyB3aXRoIEFwcGxpY2F0aW9ucyB0byBUZXh0IEluZGV4aW5nIGFuZCBTdHJpbmcgTWF0Y2hpbmcucGRmABMAAS8AABUAAgAL//8AAIAG0hscHR5aJGNsYXNzbmFtZVgkY2xhc3Nlc11OU011dGFibGVEYXRhox0fIFZOU0RhdGFYTlNPYmplY3TSGxwiI1xOU0RpY3Rpb25hcnmiIiBfEA9OU0tleWVkQXJjaGl2ZXLRJidUcm9vdIABAAgAEQAaACMALQAyADcAQABGAE0AVQBgAGcAagBsAG4AcQBzAHUAdwCEAI4BXQFiAWoEzATOBNME3gTnBPUE+QUABQkFDgUbBR4FMAUzBTgAAAAAAAACAQAAAAAAAAAoAAAAAAAAAAAAAAAAAAAFOg==}}

@inproceedings{gripon2012compressing,
	Author = {Gripon, Vincent and Rabbat, Michael and Skachek, Vitaly and Gross, Warren J},
	Booktitle = {Information Theory Workshop (ITW), 2012 IEEE},
	Date-Added = {2017-02-19 19:39:50 +0000},
	Date-Modified = {2017-02-19 19:39:50 +0000},
	Organization = {IEEE},
	Pages = {642--646},
	Title = {Compressing multisets using tries},
	Year = {2012},
	Bdsk-File-1 = {YnBsaXN0MDDUAQIDBAUGJCVYJHZlcnNpb25YJG9iamVjdHNZJGFyY2hpdmVyVCR0b3ASAAGGoKgHCBMUFRYaIVUkbnVsbNMJCgsMDxJXTlMua2V5c1pOUy5vYmplY3RzViRjbGFzc6INDoACgAOiEBGABIAFgAdccmVsYXRpdmVQYXRoWWFsaWFzRGF0YV8QjC4uLy4uLy4uL0RvY3VtZW50cy9DT1VSU0VTX1VQX0ZBTU5JVC9NdWx0aXNldC10cmllL21zdHJpZS1yZXBvL21zLXRyaWUvZG9jcy9nZW5lcmFsL0dyaXBvbiBldCBhbC5fMjAxMl9Db21wcmVzc2luZyBtdWx0aXNldHMgdXNpbmcgdHJpZXMucGRm0hcLGBlXTlMuZGF0YU8RAl4AAAAAAl4AAgAABW1hY09TAAAAAAAAAAAAAAAAAAAAAAAAAAAAAAAAAABCRAAB/////x9Hcmlwb24gZXQgYWwuXzIwMTIjRkZGRkZGRkYucGRmAAAAAAAAAAAAAAAAAAAAAAAAAAAAAAAAAAAAAAAAAAD/////AAAAAAAAAAAAAAAAAAMACAAACiBjdQAAAAAAAAAAAAAAAAAHZ2VuZXJhbAAAAgCQLzpVc2VyczpuaWNrOkRvY3VtZW50czpDT1VSU0VTX1VQX0ZBTU5JVDpNdWx0aXNldC10cmllOm1zdHJpZS1yZXBvOm1zLXRyaWU6ZG9jczpnZW5lcmFsOkdyaXBvbiBldCBhbC5fMjAxMl9Db21wcmVzc2luZyBtdWx0aXNldHMgdXNpbmcgdHJpZXMucGRmAA4AcgA4AEcAcgBpAHAAbwBuACAAZQB0ACAAYQBsAC4AXwAyADAAMQAyAF8AQwBvAG0AcAByAGUAcwBzAGkAbgBnACAAbQB1AGwAdABpAHMAZQB0AHMAIAB1AHMAaQBuAGcAIAB0AHIAaQBlAHMALgBwAGQAZgAPAAwABQBtAGEAYwBPAFMAEgCOVXNlcnMvbmljay9Eb2N1bWVudHMvQ09VUlNFU19VUF9GQU1OSVQvTXVsdGlzZXQtdHJpZS9tc3RyaWUtcmVwby9tcy10cmllL2RvY3MvZ2VuZXJhbC9Hcmlwb24gZXQgYWwuXzIwMTJfQ29tcHJlc3NpbmcgbXVsdGlzZXRzIHVzaW5nIHRyaWVzLnBkZgATAAEvAAAVAAIAC///AACABtIbHB0eWiRjbGFzc25hbWVYJGNsYXNzZXNdTlNNdXRhYmxlRGF0YaMdHyBWTlNEYXRhWE5TT2JqZWN00hscIiNcTlNEaWN0aW9uYXJ5oiIgXxAPTlNLZXllZEFyY2hpdmVy0SYnVHJvb3SAAQAIABEAGgAjAC0AMgA3AEAARgBNAFUAYABnAGoAbABuAHEAcwB1AHcAhACOAR0BIgEqA4wDjgOTA54DpwO1A7kDwAPJA84D2wPeA/AD8wP4AAAAAAAAAgEAAAAAAAAAKAAAAAAAAAAAAAAAAAAAA/o=}}

@inproceedings{zobel1992efficient,
	Author = {Zobel, Justin and Moffat, Alistair and Sacks-Davis, Ron},
	Booktitle = {PROCEEDINGS OF THE INTERNATIONAL CONFERENCE ON VERY LARGE DATA BASES},
	Date-Added = {2017-02-19 19:37:01 +0000},
	Date-Modified = {2017-02-19 19:37:01 +0000},
	Organization = {INSTITUTE OF ELECTRICAL \&amp; ELECTRONICS ENGINEERS (IEEE)},
	Pages = {352--352},
	Title = {An efficient indexing technique for full-text database systems},
	Year = {1992},
	Bdsk-File-1 = {YnBsaXN0MDDUAQIDBAUGJCVYJHZlcnNpb25YJG9iamVjdHNZJGFyY2hpdmVyVCR0b3ASAAGGoKgHCBMUFRYaIVUkbnVsbNMJCgsMDxJXTlMua2V5c1pOUy5vYmplY3RzViRjbGFzc6INDoACgAOiEBGABIAFgAdccmVsYXRpdmVQYXRoWWFsaWFzRGF0YV8Qvy4uLy4uLy4uL0RvY3VtZW50cy9DT1VSU0VTX1VQX0ZBTU5JVC9NdWx0aXNldC10cmllL21zdHJpZS1yZXBvL21zLXRyaWUvZG9jcy9mdWxsLXRleHRfc2VhcmNoL1pvYmVsLCBNb2ZmYXQsIFNhY2tzLURhdmlzXzE5OTJfQW4gRWZmaWNpZW50IEluZGV4aW5nIFRlY2huaXF1ZSBmb3IgRnVsbC1UZXh0IERhdGFiYXNlIFN5c3RlbXMucGRm0hcLGBlXTlMuZGF0YU8RAyIAAAAAAyIAAgAABW1hY09TAAAAAAAAAAAAAAAAAAAAAAAAAAAAAAAAAABCRAAB/////x9ab2JlbCwgTW9mZmF0LCBTYWMjRkZGRkZGRkYucGRmAAAAAAAAAAAAAAAAAAAAAAAAAAAAAAAAAAAAAAAAAAD/////AAAAAAAAAAAAAAAAAAMACAAACiBjdQAAAAAAAAAAAAAAAAAQZnVsbC10ZXh0X3NlYXJjaAACAMMvOlVzZXJzOm5pY2s6RG9jdW1lbnRzOkNPVVJTRVNfVVBfRkFNTklUOk11bHRpc2V0LXRyaWU6bXN0cmllLXJlcG86bXMtdHJpZTpkb2NzOmZ1bGwtdGV4dF9zZWFyY2g6Wm9iZWwsIE1vZmZhdCwgU2Fja3MtRGF2aXNfMTk5Ml9BbiBFZmZpY2llbnQgSW5kZXhpbmcgVGVjaG5pcXVlIGZvciBGdWxsLVRleHQgRGF0YWJhc2UgU3lzdGVtcy5wZGYAAA4AxgBiAFoAbwBiAGUAbAAsACAATQBvAGYAZgBhAHQALAAgAFMAYQBjAGsAcwAtAEQAYQB2AGkAcwBfADEAOQA5ADIAXwBBAG4AIABFAGYAZgBpAGMAaQBlAG4AdAAgAEkAbgBkAGUAeABpAG4AZwAgAFQAZQBjAGgAbgBpAHEAdQBlACAAZgBvAHIAIABGAHUAbABsAC0AVABlAHgAdAAgAEQAYQB0AGEAYgBhAHMAZQAgAFMAeQBzAHQAZQBtAHMALgBwAGQAZgAPAAwABQBtAGEAYwBPAFMAEgDBVXNlcnMvbmljay9Eb2N1bWVudHMvQ09VUlNFU19VUF9GQU1OSVQvTXVsdGlzZXQtdHJpZS9tc3RyaWUtcmVwby9tcy10cmllL2RvY3MvZnVsbC10ZXh0X3NlYXJjaC9ab2JlbCwgTW9mZmF0LCBTYWNrcy1EYXZpc18xOTkyX0FuIEVmZmljaWVudCBJbmRleGluZyBUZWNobmlxdWUgZm9yIEZ1bGwtVGV4dCBEYXRhYmFzZSBTeXN0ZW1zLnBkZgAAEwABLwAAFQACAAv//wAAgAbSGxwdHlokY2xhc3NuYW1lWCRjbGFzc2VzXU5TTXV0YWJsZURhdGGjHR8gVk5TRGF0YVhOU09iamVjdNIbHCIjXE5TRGljdGlvbmFyeaIiIF8QD05TS2V5ZWRBcmNoaXZlctEmJ1Ryb290gAEACAARABoAIwAtADIANwBAAEYATQBVAGAAZwBqAGwAbgBxAHMAdQB3AIQAjgFQAVUBXQSDBIUEigSVBJ4ErASwBLcEwATFBNIE1QTnBOoE7wAAAAAAAAIBAAAAAAAAACgAAAAAAAAAAAAAAAAAAATx}}

@article{zobel1998inverted,
	Author = {Zobel, Justin and Moffat, Alistair and Ramamohanarao, Kotagiri},
	Date-Added = {2017-02-19 19:36:08 +0000},
	Date-Modified = {2017-02-19 19:36:08 +0000},
	Journal = {ACM Transactions on Database Systems (TODS)},
	Number = {4},
	Pages = {453--490},
	Publisher = {ACM},
	Title = {Inverted files versus signature files for text indexing},
	Volume = {23},
	Year = {1998},
	Bdsk-File-1 = {YnBsaXN0MDDUAQIDBAUGJCVYJHZlcnNpb25YJG9iamVjdHNZJGFyY2hpdmVyVCR0b3ASAAGGoKgHCBMUFRYaIVUkbnVsbNMJCgsMDxJXTlMua2V5c1pOUy5vYmplY3RzViRjbGFzc6INDoACgAOiEBGABIAFgAdccmVsYXRpdmVQYXRoWWFsaWFzRGF0YV8Qui4uLy4uLy4uL0RvY3VtZW50cy9DT1VSU0VTX1VQX0ZBTU5JVC9NdWx0aXNldC10cmllL21zdHJpZS1yZXBvL21zLXRyaWUvZG9jcy9mdWxsLXRleHRfc2VhcmNoL1pvYmVsLCBNb2ZmYXQsIFJhbWFtb2hhbmFyYW9fMTk5OF9JbnZlcnRlZCBmaWxlcyB2ZXJzdXMgc2lnbmF0dXJlIGZpbGVzIGZvciB0ZXh0IGluZGV4aW5nLnBkZtIXCxgZV05TLmRhdGFPEQMMAAAAAAMMAAIAAAVtYWNPUwAAAAAAAAAAAAAAAAAAAAAAAAAAAAAAAAAAQkQAAf////8fWm9iZWwsIE1vZmZhdCwgUmFtI0ZGRkZGRkZGLnBkZgAAAAAAAAAAAAAAAAAAAAAAAAAAAAAAAAAAAAAAAAAA/////wAAAAAAAAAAAAAAAAADAAgAAAogY3UAAAAAAAAAAAAAAAAAEGZ1bGwtdGV4dF9zZWFyY2gAAgC+LzpVc2VyczpuaWNrOkRvY3VtZW50czpDT1VSU0VTX1VQX0ZBTU5JVDpNdWx0aXNldC10cmllOm1zdHJpZS1yZXBvOm1zLXRyaWU6ZG9jczpmdWxsLXRleHRfc2VhcmNoOlpvYmVsLCBNb2ZmYXQsIFJhbWFtb2hhbmFyYW9fMTk5OF9JbnZlcnRlZCBmaWxlcyB2ZXJzdXMgc2lnbmF0dXJlIGZpbGVzIGZvciB0ZXh0IGluZGV4aW5nLnBkZgAOALwAXQBaAG8AYgBlAGwALAAgAE0AbwBmAGYAYQB0ACwAIABSAGEAbQBhAG0AbwBoAGEAbgBhAHIAYQBvAF8AMQA5ADkAOABfAEkAbgB2AGUAcgB0AGUAZAAgAGYAaQBsAGUAcwAgAHYAZQByAHMAdQBzACAAcwBpAGcAbgBhAHQAdQByAGUAIABmAGkAbABlAHMAIABmAG8AcgAgAHQAZQB4AHQAIABpAG4AZABlAHgAaQBuAGcALgBwAGQAZgAPAAwABQBtAGEAYwBPAFMAEgC8VXNlcnMvbmljay9Eb2N1bWVudHMvQ09VUlNFU19VUF9GQU1OSVQvTXVsdGlzZXQtdHJpZS9tc3RyaWUtcmVwby9tcy10cmllL2RvY3MvZnVsbC10ZXh0X3NlYXJjaC9ab2JlbCwgTW9mZmF0LCBSYW1hbW9oYW5hcmFvXzE5OThfSW52ZXJ0ZWQgZmlsZXMgdmVyc3VzIHNpZ25hdHVyZSBmaWxlcyBmb3IgdGV4dCBpbmRleGluZy5wZGYAEwABLwAAFQACAAv//wAAgAbSGxwdHlokY2xhc3NuYW1lWCRjbGFzc2VzXU5TTXV0YWJsZURhdGGjHR8gVk5TRGF0YVhOU09iamVjdNIbHCIjXE5TRGljdGlvbmFyeaIiIF8QD05TS2V5ZWRBcmNoaXZlctEmJ1Ryb290gAEACAARABoAIwAtADIANwBAAEYATQBVAGAAZwBqAGwAbgBxAHMAdQB3AIQAjgFLAVABWARoBGoEbwR6BIMEkQSVBJwEpQSqBLcEugTMBM8E1AAAAAAAAAIBAAAAAAAAACgAAAAAAAAAAAAAAAAAAATW}}

@article{zobel2006inverted,
	Author = {Zobel, Justin and Moffat, Alistair},
	Date-Added = {2017-02-19 19:35:44 +0000},
	Date-Modified = {2017-02-19 19:35:44 +0000},
	Journal = {ACM computing surveys (CSUR)},
	Number = {2},
	Pages = {6},
	Publisher = {ACM},
	Title = {Inverted files for text search engines},
	Volume = {38},
	Year = {2006},
	Bdsk-File-1 = {YnBsaXN0MDDUAQIDBAUGJCVYJHZlcnNpb25YJG9iamVjdHNZJGFyY2hpdmVyVCR0b3ASAAGGoKgHCBMUFRYaIVUkbnVsbNMJCgsMDxJXTlMua2V5c1pOUy5vYmplY3RzViRjbGFzc6INDoACgAOiEBGABIAFgAdccmVsYXRpdmVQYXRoWWFsaWFzRGF0YV8QrC4uLy4uLy4uL0RvY3VtZW50cy9DT1VSU0VTX1VQX0ZBTU5JVC9NdWx0aXNldC10cmllL21zdHJpZS1yZXBvL21zLXRyaWUvZG9jcy9mdWxsLXRleHRfc2VhcmNoL1pvYmVsLCBNb2ZmYXRfMjAwNl9JbnZlcnRlZCBmaWxlcyBmb3IgdGV4dCBzZWFyY2ggZW5naW5lcyAoTGVjdHVyZSAxMCBSZWFkKS5wZGbSFwsYGVdOUy5kYXRhTxEC1AAAAAAC1AACAAAFbWFjT1MAAAAAAAAAAAAAAAAAAAAAAAAAAAAAAAAAAEJEAAH/////H1pvYmVsLCBNb2ZmYXRfMjAwNiNGRkZGRkZGRi5wZGYAAAAAAAAAAAAAAAAAAAAAAAAAAAAAAAAAAAAAAAAAAP////8AAAAAAAAAAAAAAAAAAwAIAAAKIGN1AAAAAAAAAAAAAAAAABBmdWxsLXRleHRfc2VhcmNoAAIAsC86VXNlcnM6bmljazpEb2N1bWVudHM6Q09VUlNFU19VUF9GQU1OSVQ6TXVsdGlzZXQtdHJpZTptc3RyaWUtcmVwbzptcy10cmllOmRvY3M6ZnVsbC10ZXh0X3NlYXJjaDpab2JlbCwgTW9mZmF0XzIwMDZfSW52ZXJ0ZWQgZmlsZXMgZm9yIHRleHQgc2VhcmNoIGVuZ2luZXMgKExlY3R1cmUgMTAgUmVhZCkucGRmAA4AoABPAFoAbwBiAGUAbAAsACAATQBvAGYAZgBhAHQAXwAyADAAMAA2AF8ASQBuAHYAZQByAHQAZQBkACAAZgBpAGwAZQBzACAAZgBvAHIAIAB0AGUAeAB0ACAAcwBlAGEAcgBjAGgAIABlAG4AZwBpAG4AZQBzACAAKABMAGUAYwB0AHUAcgBlACAAMQAwACAAUgBlAGEAZAApAC4AcABkAGYADwAMAAUAbQBhAGMATwBTABIArlVzZXJzL25pY2svRG9jdW1lbnRzL0NPVVJTRVNfVVBfRkFNTklUL011bHRpc2V0LXRyaWUvbXN0cmllLXJlcG8vbXMtdHJpZS9kb2NzL2Z1bGwtdGV4dF9zZWFyY2gvWm9iZWwsIE1vZmZhdF8yMDA2X0ludmVydGVkIGZpbGVzIGZvciB0ZXh0IHNlYXJjaCBlbmdpbmVzIChMZWN0dXJlIDEwIFJlYWQpLnBkZgATAAEvAAAVAAIAC///AACABtIbHB0eWiRjbGFzc25hbWVYJGNsYXNzZXNdTlNNdXRhYmxlRGF0YaMdHyBWTlNEYXRhWE5TT2JqZWN00hscIiNcTlNEaWN0aW9uYXJ5oiIgXxAPTlNLZXllZEFyY2hpdmVy0SYnVHJvb3SAAQAIABEAGgAjAC0AMgA3AEAARgBNAFUAYABnAGoAbABuAHEAcwB1AHcAhACOAT0BQgFKBCIEJAQpBDQEPQRLBE8EVgRfBGQEcQR0BIYEiQSOAAAAAAAAAgEAAAAAAAAAKAAAAAAAAAAAAAAAAAAABJA=}}

@inproceedings{olson1993design,
	Author = {Olson, Michael A and others},
	Booktitle = {USENIX Winter},
	Date-Added = {2017-02-19 19:35:16 +0000},
	Date-Modified = {2017-02-19 19:35:16 +0000},
	Pages = {205--218},
	Title = {The Design and Implementation of the Inversion File System.},
	Year = {1993},
	Bdsk-File-1 = {YnBsaXN0MDDUAQIDBAUGJCVYJHZlcnNpb25YJG9iamVjdHNZJGFyY2hpdmVyVCR0b3ASAAGGoKgHCBMUFRYaIVUkbnVsbNMJCgsMDxJXTlMua2V5c1pOUy5vYmplY3RzViRjbGFzc6INDoACgAOiEBGABIAFgAdccmVsYXRpdmVQYXRoWWFsaWFzRGF0YV8QvC4uLy4uLy4uL0RvY3VtZW50cy9DT1VSU0VTX1VQX0ZBTU5JVC9NdWx0aXNldC10cmllL21zdHJpZS1yZXBvL21zLXRyaWUvZG9jcy9mdWxsLXRleHRfc2VhcmNoL0VzY3JpdmEsIEd1biBTaXJlcl8yMDE1X1RoZSBEZXNpZ24gYW5kIEltcGxlbWVudGF0aW9uIG9mIHRoZSBXQVZFIFRyYW5zYWN0aW9uYWwgRmlsZSBTeXN0ZW0ucGRm0hcLGBlXTlMuZGF0YU8RAxQAAAAAAxQAAgAABW1hY09TAAAAAAAAAAAAAAAAAAAAAAAAAAAAAAAAAABCRAAB/////x9Fc2NyaXZhLCBHdW4gU2lyZXIjRkZGRkZGRkYucGRmAAAAAAAAAAAAAAAAAAAAAAAAAAAAAAAAAAAAAAAAAAD/////AAAAAAAAAAAAAAAAAAMACAAACiBjdQAAAAAAAAAAAAAAAAAQZnVsbC10ZXh0X3NlYXJjaAACAMAvOlVzZXJzOm5pY2s6RG9jdW1lbnRzOkNPVVJTRVNfVVBfRkFNTklUOk11bHRpc2V0LXRyaWU6bXN0cmllLXJlcG86bXMtdHJpZTpkb2NzOmZ1bGwtdGV4dF9zZWFyY2g6RXNjcml2YSwgR3VuIFNpcmVyXzIwMTVfVGhlIERlc2lnbiBhbmQgSW1wbGVtZW50YXRpb24gb2YgdGhlIFdBVkUgVHJhbnNhY3Rpb25hbCBGaWxlIFN5c3RlbS5wZGYADgDAAF8ARQBzAGMAcgBpAHYAYQAsACAARwB1AG4AIABTAGkAcgBlAHIAXwAyADAAMQA1AF8AVABoAGUAIABEAGUAcwBpAGcAbgAgAGEAbgBkACAASQBtAHAAbABlAG0AZQBuAHQAYQB0AGkAbwBuACAAbwBmACAAdABoAGUAIABXAEEAVgBFACAAVAByAGEAbgBzAGEAYwB0AGkAbwBuAGEAbAAgAEYAaQBsAGUAIABTAHkAcwB0AGUAbQAuAHAAZABmAA8ADAAFAG0AYQBjAE8AUwASAL5Vc2Vycy9uaWNrL0RvY3VtZW50cy9DT1VSU0VTX1VQX0ZBTU5JVC9NdWx0aXNldC10cmllL21zdHJpZS1yZXBvL21zLXRyaWUvZG9jcy9mdWxsLXRleHRfc2VhcmNoL0VzY3JpdmEsIEd1biBTaXJlcl8yMDE1X1RoZSBEZXNpZ24gYW5kIEltcGxlbWVudGF0aW9uIG9mIHRoZSBXQVZFIFRyYW5zYWN0aW9uYWwgRmlsZSBTeXN0ZW0ucGRmABMAAS8AABUAAgAL//8AAIAG0hscHR5aJGNsYXNzbmFtZVgkY2xhc3Nlc11OU011dGFibGVEYXRhox0fIFZOU0RhdGFYTlNPYmplY3TSGxwiI1xOU0RpY3Rpb25hcnmiIiBfEA9OU0tleWVkQXJjaGl2ZXLRJidUcm9vdIABAAgAEQAaACMALQAyADcAQABGAE0AVQBgAGcAagBsAG4AcQBzAHUAdwCEAI4BTQFSAVoEcgR0BHkEhASNBJsEnwSmBK8EtATBBMQE1gTZBN4AAAAAAAACAQAAAAAAAAAoAAAAAAAAAAAAAAAAAAAE4A==}}

@article{das2012indexing,
	Author = {Das, Abhishek and Jain, Ankit},
	Date-Added = {2017-02-19 19:34:52 +0000},
	Date-Modified = {2017-02-19 19:34:52 +0000},
	Journal = {Next Generation Search Engines: Advanced Models for Information Retrieval},
	Pages = {1--28},
	Publisher = {IGI Global},
	Title = {Indexing the world wide web: The journey so far},
	Year = {2012},
	Bdsk-File-1 = {YnBsaXN0MDDUAQIDBAUGJCVYJHZlcnNpb25YJG9iamVjdHNZJGFyY2hpdmVyVCR0b3ASAAGGoKgHCBMUFRYaIVUkbnVsbNMJCgsMDxJXTlMua2V5c1pOUy5vYmplY3RzViRjbGFzc6INDoACgAOiEBGABIAFgAdccmVsYXRpdmVQYXRoWWFsaWFzRGF0YV8Qni4uLy4uLy4uL0RvY3VtZW50cy9DT1VSU0VTX1VQX0ZBTU5JVC9NdWx0aXNldC10cmllL21zdHJpZS1yZXBvL21zLXRyaWUvZG9jcy9mdWxsLXRleHRfc2VhcmNoL0RhcywgSmFpbl8yMDEyX0luZGV4aW5nIHRoZSBXb3JsZCBXaWRlIFdlYiBUaGUgSm91cm5leSBTbyBGYXIucGRm0hcLGBlXTlMuZGF0YU8RApwAAAAAApwAAgAABW1hY09TAAAAAAAAAAAAAAAAAAAAAAAAAAAAAAAAAABCRAAB/////x9EYXMsIEphaW5fMjAxMl9JbmQjRkZGRkZGRkYucGRmAAAAAAAAAAAAAAAAAAAAAAAAAAAAAAAAAAAAAAAAAAD/////AAAAAAAAAAAAAAAAAAMACAAACiBjdQAAAAAAAAAAAAAAAAAQZnVsbC10ZXh0X3NlYXJjaAACAKIvOlVzZXJzOm5pY2s6RG9jdW1lbnRzOkNPVVJTRVNfVVBfRkFNTklUOk11bHRpc2V0LXRyaWU6bXN0cmllLXJlcG86bXMtdHJpZTpkb2NzOmZ1bGwtdGV4dF9zZWFyY2g6RGFzLCBKYWluXzIwMTJfSW5kZXhpbmcgdGhlIFdvcmxkIFdpZGUgV2ViIFRoZSBKb3VybmV5IFNvIEZhci5wZGYADgCEAEEARABhAHMALAAgAEoAYQBpAG4AXwAyADAAMQAyAF8ASQBuAGQAZQB4AGkAbgBnACAAdABoAGUAIABXAG8AcgBsAGQAIABXAGkAZABlACAAVwBlAGIAIABUAGgAZQAgAEoAbwB1AHIAbgBlAHkAIABTAG8AIABGAGEAcgAuAHAAZABmAA8ADAAFAG0AYQBjAE8AUwASAKBVc2Vycy9uaWNrL0RvY3VtZW50cy9DT1VSU0VTX1VQX0ZBTU5JVC9NdWx0aXNldC10cmllL21zdHJpZS1yZXBvL21zLXRyaWUvZG9jcy9mdWxsLXRleHRfc2VhcmNoL0RhcywgSmFpbl8yMDEyX0luZGV4aW5nIHRoZSBXb3JsZCBXaWRlIFdlYiBUaGUgSm91cm5leSBTbyBGYXIucGRmABMAAS8AABUAAgAL//8AAIAG0hscHR5aJGNsYXNzbmFtZVgkY2xhc3Nlc11OU011dGFibGVEYXRhox0fIFZOU0RhdGFYTlNPYmplY3TSGxwiI1xOU0RpY3Rpb25hcnmiIiBfEA9OU0tleWVkQXJjaGl2ZXLRJidUcm9vdIABAAgAEQAaACMALQAyADcAQABGAE0AVQBgAGcAagBsAG4AcQBzAHUAdwCEAI4BLwE0ATwD3APeA+MD7gP3BAUECQQQBBkEHgQrBC4EQARDBEgAAAAAAAACAQAAAAAAAAAoAAAAAAAAAAAAAAAAAAAESg==}}

@inproceedings{brown1994fast,
	Author = {Brown, Eric W and Callan, James P and Croft, W Bruce},
	Booktitle = {VLDB},
	Date-Added = {2017-02-19 19:34:25 +0000},
	Date-Modified = {2017-02-19 19:34:25 +0000},
	Number = {66},
	Organization = {Citeseer},
	Pages = {9},
	Title = {Fast incremental indexing for full-text information retrieval},
	Volume = {94},
	Year = {1994},
	Bdsk-File-1 = {YnBsaXN0MDDUAQIDBAUGJCVYJHZlcnNpb25YJG9iamVjdHNZJGFyY2hpdmVyVCR0b3ASAAGGoKgHCBMUFRYaIVUkbnVsbNMJCgsMDxJXTlMua2V5c1pOUy5vYmplY3RzViRjbGFzc6INDoACgAOiEBGABIAFgAdccmVsYXRpdmVQYXRoWWFsaWFzRGF0YV8QuC4uLy4uLy4uL0RvY3VtZW50cy9DT1VSU0VTX1VQX0ZBTU5JVC9NdWx0aXNldC10cmllL21zdHJpZS1yZXBvL21zLXRyaWUvZG9jcy9mdWxsLXRleHRfc2VhcmNoL0Jyb3duLCBDYWxsYW4sIENyb2Z0XzE5OTRfRmFzdCBpbmNyZW1lbnRhbCBpbmRleGluZyBmb3IgZnVsbC10ZXh0IGluZm9ybWF0aW9uIHJldHJpZXZhbC5wZGbSFwsYGVdOUy5kYXRhTxEDBAAAAAADBAACAAAFbWFjT1MAAAAAAAAAAAAAAAAAAAAAAAAAAAAAAAAAAEJEAAH/////H0Jyb3duLCBDYWxsYW4sIENybyNGRkZGRkZGRi5wZGYAAAAAAAAAAAAAAAAAAAAAAAAAAAAAAAAAAAAAAAAAAP////8AAAAAAAAAAAAAAAAAAwAIAAAKIGN1AAAAAAAAAAAAAAAAABBmdWxsLXRleHRfc2VhcmNoAAIAvC86VXNlcnM6bmljazpEb2N1bWVudHM6Q09VUlNFU19VUF9GQU1OSVQ6TXVsdGlzZXQtdHJpZTptc3RyaWUtcmVwbzptcy10cmllOmRvY3M6ZnVsbC10ZXh0X3NlYXJjaDpCcm93biwgQ2FsbGFuLCBDcm9mdF8xOTk0X0Zhc3QgaW5jcmVtZW50YWwgaW5kZXhpbmcgZm9yIGZ1bGwtdGV4dCBpbmZvcm1hdGlvbiByZXRyaWV2YWwucGRmAA4AuABbAEIAcgBvAHcAbgAsACAAQwBhAGwAbABhAG4ALAAgAEMAcgBvAGYAdABfADEAOQA5ADQAXwBGAGEAcwB0ACAAaQBuAGMAcgBlAG0AZQBuAHQAYQBsACAAaQBuAGQAZQB4AGkAbgBnACAAZgBvAHIAIABmAHUAbABsAC0AdABlAHgAdAAgAGkAbgBmAG8AcgBtAGEAdABpAG8AbgAgAHIAZQB0AHIAaQBlAHYAYQBsAC4AcABkAGYADwAMAAUAbQBhAGMATwBTABIAulVzZXJzL25pY2svRG9jdW1lbnRzL0NPVVJTRVNfVVBfRkFNTklUL011bHRpc2V0LXRyaWUvbXN0cmllLXJlcG8vbXMtdHJpZS9kb2NzL2Z1bGwtdGV4dF9zZWFyY2gvQnJvd24sIENhbGxhbiwgQ3JvZnRfMTk5NF9GYXN0IGluY3JlbWVudGFsIGluZGV4aW5nIGZvciBmdWxsLXRleHQgaW5mb3JtYXRpb24gcmV0cmlldmFsLnBkZgATAAEvAAAVAAIAC///AACABtIbHB0eWiRjbGFzc25hbWVYJGNsYXNzZXNdTlNNdXRhYmxlRGF0YaMdHyBWTlNEYXRhWE5TT2JqZWN00hscIiNcTlNEaWN0aW9uYXJ5oiIgXxAPTlNLZXllZEFyY2hpdmVy0SYnVHJvb3SAAQAIABEAGgAjAC0AMgA3AEAARgBNAFUAYABnAGoAbABuAHEAcwB1AHcAhACOAUkBTgFWBF4EYARlBHAEeQSHBIsEkgSbBKAErQSwBMIExQTKAAAAAAAAAgEAAAAAAAAAKAAAAAAAAAAAAAAAAAAABMw=}}

@inproceedings{broder2006indexing,
	Author = {Broder, Andrei Z and Eiron, Nadav and Fontoura, Marcus and Herscovici, Michael and Lempel, Ronny and McPherson, John and Qi, Runping and Shekita, Eugene},
	Booktitle = {International Conference on Extending Database Technology},
	Date-Added = {2017-02-19 19:33:07 +0000},
	Date-Modified = {2017-02-19 19:33:07 +0000},
	Organization = {Springer},
	Pages = {313--330},
	Title = {Indexing shared content in information retrieval systems},
	Year = {2006},
	Bdsk-File-1 = {YnBsaXN0MDDUAQIDBAUGJCVYJHZlcnNpb25YJG9iamVjdHNZJGFyY2hpdmVyVCR0b3ASAAGGoKgHCBMUFRYaIVUkbnVsbNMJCgsMDxJXTlMua2V5c1pOUy5vYmplY3RzViRjbGFzc6INDoACgAOiEBGABIAFgAdccmVsYXRpdmVQYXRoWWFsaWFzRGF0YV8QrC4uLy4uLy4uL0RvY3VtZW50cy9DT1VSU0VTX1VQX0ZBTU5JVC9NdWx0aXNldC10cmllL21zdHJpZS1yZXBvL21zLXRyaWUvZG9jcy9mdWxsLXRleHRfc2VhcmNoL0Jyb2RlciBldCBhbC5fMjAwNl9JbmRleGluZyBzaGFyZWQgY29udGVudCBpbiBpbmZvcm1hdGlvbiByZXRyaWV2YWwgc3lzdGVtcy5wZGbSFwsYGVdOUy5kYXRhTxEC1AAAAAAC1AACAAAFbWFjT1MAAAAAAAAAAAAAAAAAAAAAAAAAAAAAAAAAAEJEAAH/////H0Jyb2RlciBldCBhbC5fMjAwNiNGRkZGRkZGRi5wZGYAAAAAAAAAAAAAAAAAAAAAAAAAAAAAAAAAAAAAAAAAAP////8AAAAAAAAAAAAAAAAAAwAIAAAKIGN1AAAAAAAAAAAAAAAAABBmdWxsLXRleHRfc2VhcmNoAAIAsC86VXNlcnM6bmljazpEb2N1bWVudHM6Q09VUlNFU19VUF9GQU1OSVQ6TXVsdGlzZXQtdHJpZTptc3RyaWUtcmVwbzptcy10cmllOmRvY3M6ZnVsbC10ZXh0X3NlYXJjaDpCcm9kZXIgZXQgYWwuXzIwMDZfSW5kZXhpbmcgc2hhcmVkIGNvbnRlbnQgaW4gaW5mb3JtYXRpb24gcmV0cmlldmFsIHN5c3RlbXMucGRmAA4AoABPAEIAcgBvAGQAZQByACAAZQB0ACAAYQBsAC4AXwAyADAAMAA2AF8ASQBuAGQAZQB4AGkAbgBnACAAcwBoAGEAcgBlAGQAIABjAG8AbgB0AGUAbgB0ACAAaQBuACAAaQBuAGYAbwByAG0AYQB0AGkAbwBuACAAcgBlAHQAcgBpAGUAdgBhAGwAIABzAHkAcwB0AGUAbQBzAC4AcABkAGYADwAMAAUAbQBhAGMATwBTABIArlVzZXJzL25pY2svRG9jdW1lbnRzL0NPVVJTRVNfVVBfRkFNTklUL011bHRpc2V0LXRyaWUvbXN0cmllLXJlcG8vbXMtdHJpZS9kb2NzL2Z1bGwtdGV4dF9zZWFyY2gvQnJvZGVyIGV0IGFsLl8yMDA2X0luZGV4aW5nIHNoYXJlZCBjb250ZW50IGluIGluZm9ybWF0aW9uIHJldHJpZXZhbCBzeXN0ZW1zLnBkZgATAAEvAAAVAAIAC///AACABtIbHB0eWiRjbGFzc25hbWVYJGNsYXNzZXNdTlNNdXRhYmxlRGF0YaMdHyBWTlNEYXRhWE5TT2JqZWN00hscIiNcTlNEaWN0aW9uYXJ5oiIgXxAPTlNLZXllZEFyY2hpdmVy0SYnVHJvb3SAAQAIABEAGgAjAC0AMgA3AEAARgBNAFUAYABnAGoAbABuAHEAcwB1AHcAhACOAT0BQgFKBCIEJAQpBDQEPQRLBE8EVgRfBGQEcQR0BIYEiQSOAAAAAAAAAgEAAAAAAAAAKAAAAAAAAAAAAAAAAAAABJA=}}

@article{szpankowski1996techniques,
	Author = {Szpankowski, Wojciech},
	Date-Added = {2017-02-19 19:30:16 +0000},
	Date-Modified = {2017-02-19 19:30:16 +0000},
	Title = {Techniques of the average case analysis of algorithms},
	Year = {1996},
	Bdsk-File-1 = {YnBsaXN0MDDUAQIDBAUGJCVYJHZlcnNpb25YJG9iamVjdHNZJGFyY2hpdmVyVCR0b3ASAAGGoKgHCBMUFRYaIVUkbnVsbNMJCgsMDxJXTlMua2V5c1pOUy5vYmplY3RzViRjbGFzc6INDoACgAOiEBGABIAFgAdccmVsYXRpdmVQYXRoWWFsaWFzRGF0YW8QkQAuAC4ALwAuAC4ALwAuAC4ALwBEAG8AYwB1AG0AZQBuAHQAcwAvAEMATwBVAFIAUwBFAFMAXwBVAFAAXwBGAEEATQBOAEkAVAAvAE0AdQBsAHQAaQBzAGUAdAAtAHQAcgBpAGUALwBtAHMAdAByAGkAZQAtAHIAZQBwAG8ALwBtAHMALQB0AHIAaQBlAC8AZABvAGMAcwAvAGEAbgBhAGwAeQBzAGkAcwAvAFUAbgBrAG4AbwB3AG4AXwBVAG4AawBuAG8AdwBuAF8AbgMDACAAbwMAAGMAaQMIAEEDAgAgAKIAIABsACAAbwMDAIIAIADwACAAbwMAAGQAIAAnACAAbwMAACAA8ABBACAApAAgAGEAIABvAwgAgQAuAHAAZABm0hcLGBlXTlMuZGF0YU8RAo4AAAAAAo4AAgAABW1hY09TAAAAAAAAAAAAAAAAAAAAAAAAAAAAAAAAAABCRAAB/////x9Vbmtub3duX1Vua25vd25fliAjRkZGRkZGRkYucGRmAAAAAAAAAAAAAAAAAAAAAAAAAAAAAAAAAAAAAAAAAAD/////AAAAAAAAAAAAAAAAAAMACAAACiBjdQAAAAAAAAAAAAAAAAAIYW5hbHlzaXMAAgCjLzpVc2VyczpuaWNrOkRvY3VtZW50czpDT1VSU0VTX1VQX0ZBTU5JVDpNdWx0aXNldC10cmllOm1zdHJpZS1yZXBvOm1zLXRyaWU6ZG9jczphbmFseXNpczpVbmtub3duX1Vua25vd25fbsyDIG/MgGNpzIhBzIIgwqIgbCBvzIPCgiDDsCBvzIBkICcgb8yAIMOwQSDCpCBhIG/MiMKBLnBkZgAADgB6ADwAVQBuAGsAbgBvAHcAbgBfAFUAbgBrAG4AbwB3AG4AXwBuAwMAIABvAwAAYwBpAwgAQQMCACAAogAgAGwAIABvAwMAggAgAPAAIABvAwAAZAAgACcAIABvAwAAIADwAEEAIACkACAAYQAgAG8DCACBAC4AcABkAGYADwAMAAUAbQBhAGMATwBTABIAoVVzZXJzL25pY2svRG9jdW1lbnRzL0NPVVJTRVNfVVBfRkFNTklUL011bHRpc2V0LXRyaWUvbXN0cmllLXJlcG8vbXMtdHJpZS9kb2NzL2FuYWx5c2lzL1Vua25vd25fVW5rbm93bl9uzIMgb8yAY2nMiEHMgiDCoiBsIG/Mg8KCIMOwIG/MgGQgJyBvzIAgw7BBIMKkIGEgb8yIwoEucGRmAAATAAEvAAAVAAIAC///AACABtIbHB0eWiRjbGFzc25hbWVYJGNsYXNzZXNdTlNNdXRhYmxlRGF0YaMdHyBWTlNEYXRhWE5TT2JqZWN00hscIiNcTlNEaWN0aW9uYXJ5oiIgXxAPTlNLZXllZEFyY2hpdmVy0SYnVHJvb3SAAQAIABEAGgAjAC0AMgA3AEAARgBNAFUAYABnAGoAbABuAHEAcwB1AHcAhACOAbMBuAHABFIEVARZBGQEbQR7BH8EhgSPBJQEoQSkBLYEuQS+AAAAAAAAAgEAAAAAAAAAKAAAAAAAAAAAAAAAAAAABMA=}}

@article{szpankowski1993generalized,
	Author = {Szpankowski, Wojciech},
	Date-Added = {2017-02-19 19:29:14 +0000},
	Date-Modified = {2017-02-19 19:29:14 +0000},
	Journal = {SIAM Journal on Computing},
	Number = {6},
	Pages = {1176--1198},
	Publisher = {SIAM},
	Title = {A generalized suffix tree and its (un) expected asymptotic behaviors},
	Volume = {22},
	Year = {1993},
	Bdsk-File-1 = {YnBsaXN0MDDUAQIDBAUGJCVYJHZlcnNpb25YJG9iamVjdHNZJGFyY2hpdmVyVCR0b3ASAAGGoKgHCBMUFRYaIVUkbnVsbNMJCgsMDxJXTlMua2V5c1pOUy5vYmplY3RzViRjbGFzc6INDoACgAOiEBGABIAFgAdccmVsYXRpdmVQYXRoWWFsaWFzRGF0YV8QeS4uLy4uLy4uL0RvY3VtZW50cy9DT1VSU0VTX1VQX0ZBTU5JVC9NdWx0aXNldC10cmllL21zdHJpZS1yZXBvL21zLXRyaWUvZG9jcy9hbmFseXNpcy9TdWZmaXhfMTk5M19BIGdlbmVyYWxpemVkIHN1ZmZpeC5wZGbSFwsYGVdOUy5kYXRhTxECEgAAAAACEgACAAAFbWFjT1MAAAAAAAAAAAAAAAAAAAAAAAAAAAAAAAAAAEJEAAH/////H1N1ZmZpeF8xOTkzX0EgZ2VuZSNGRkZGRkZGRi5wZGYAAAAAAAAAAAAAAAAAAAAAAAAAAAAAAAAAAAAAAAAAAP////8AAAAAAAAAAAAAAAAAAwAIAAAKIGN1AAAAAAAAAAAAAAAAAAhhbmFseXNpcwACAH0vOlVzZXJzOm5pY2s6RG9jdW1lbnRzOkNPVVJTRVNfVVBfRkFNTklUOk11bHRpc2V0LXRyaWU6bXN0cmllLXJlcG86bXMtdHJpZTpkb2NzOmFuYWx5c2lzOlN1ZmZpeF8xOTkzX0EgZ2VuZXJhbGl6ZWQgc3VmZml4LnBkZgAADgBKACQAUwB1AGYAZgBpAHgAXwAxADkAOQAzAF8AQQAgAGcAZQBuAGUAcgBhAGwAaQB6AGUAZAAgAHMAdQBmAGYAaQB4AC4AcABkAGYADwAMAAUAbQBhAGMATwBTABIAe1VzZXJzL25pY2svRG9jdW1lbnRzL0NPVVJTRVNfVVBfRkFNTklUL011bHRpc2V0LXRyaWUvbXN0cmllLXJlcG8vbXMtdHJpZS9kb2NzL2FuYWx5c2lzL1N1ZmZpeF8xOTkzX0EgZ2VuZXJhbGl6ZWQgc3VmZml4LnBkZgAAEwABLwAAFQACAAv//wAAgAbSGxwdHlokY2xhc3NuYW1lWCRjbGFzc2VzXU5TTXV0YWJsZURhdGGjHR8gVk5TRGF0YVhOU09iamVjdNIbHCIjXE5TRGljdGlvbmFyeaIiIF8QD05TS2V5ZWRBcmNoaXZlctEmJ1Ryb290gAEACAARABoAIwAtADIANwBAAEYATQBVAGAAZwBqAGwAbgBxAHMAdQB3AIQAjgEKAQ8BFwMtAy8DNAM/A0gDVgNaA2EDagNvA3wDfwORA5QDmQAAAAAAAAIBAAAAAAAAACgAAAAAAAAAAAAAAAAAAAOb}}

@article{janson2012simply,
	Author = {Janson, Svante and others},
	Date-Added = {2017-02-19 19:27:36 +0000},
	Date-Modified = {2017-02-19 19:27:36 +0000},
	Journal = {Probab. Surv},
	Pages = {103--252},
	Title = {Simply generated trees, conditioned Galton-Watson trees, random allocations and condensation},
	Volume = {9},
	Year = {2012},
	Bdsk-File-1 = {YnBsaXN0MDDUAQIDBAUGJCVYJHZlcnNpb25YJG9iamVjdHNZJGFyY2hpdmVyVCR0b3ASAAGGoKgHCBMUFRYaIVUkbnVsbNMJCgsMDxJXTlMua2V5c1pOUy5vYmplY3RzViRjbGFzc6INDoACgAOiEBGABIAFgAdccmVsYXRpdmVQYXRoWWFsaWFzRGF0YW8QxQAuAC4ALwAuAC4ALwAuAC4ALwBEAG8AYwB1AG0AZQBuAHQAcwAvAEMATwBVAFIAUwBFAFMAXwBVAFAAXwBGAEEATQBOAEkAVAAvAE0AdQBsAHQAaQBzAGUAdAAtAHQAcgBpAGUALwBtAHMAdAByAGkAZQAtAHIAZQBwAG8ALwBtAHMALQB0AHIAaQBlAC8AZABvAGMAcwAvAGEAbgBhAGwAeQBzAGkAcwAvAEoAYQBuAHMAbwBuAF8AMgAwADEAMgBfAFMAaQBtAHAAbAB5ACAAZwBlAG4AZQByAGEAdABlAGQAIAB0AHIAZQBlAHMAIAAsACAAYwBvAG4AZABpAHQAaQBvAG4AZQBkACAARwBhAGwAdABvAG4AICATACAAVwBhAHQAcwBvAG4AIAB0AHIAZQBlAHMAIAAsACAAcgBhAG4AZABvAG0AIABhAGwAbABvAGMAYQB0AGkAbwBuAHMAIABhAG4AZAAgAGMAbwBuAGQAZQBuAHMAYQB0AGkAbwBuAC4AcABkAGbSFwsYGVdOUy5kYXRhTxEDRgAAAAADRgACAAAFbWFjT1MAAAAAAAAAAAAAAAAAAAAAAAAAAAAAAAAAAEJEAAH/////H0phbnNvbl8yMDEyX1NpbXBseSNGRkZGRkZGRi5wZGYAAAAAAAAAAAAAAAAAAAAAAAAAAAAAAAAAAAAAAAAAAP////8AAAAAAAAAAAAAAAAAAwAIAAAKIGN1AAAAAAAAAAAAAAAAAAhhbmFseXNpcwACAMsvOlVzZXJzOm5pY2s6RG9jdW1lbnRzOkNPVVJTRVNfVVBfRkFNTklUOk11bHRpc2V0LXRyaWU6bXN0cmllLXJlcG86bXMtdHJpZTpkb2NzOmFuYWx5c2lzOkphbnNvbl8yMDEyX1NpbXBseSBnZW5lcmF0ZWQgdHJlZXMgLCBjb25kaXRpb25lZCBHYWx0b24g4oCTIFdhdHNvbiB0cmVlcyAsIHJhbmRvbSBhbGxvY2F0aW9ucyBhbmQgY29uZGVuc2F0aW9uLnBkZgAADgDiAHAASgBhAG4AcwBvAG4AXwAyADAAMQAyAF8AUwBpAG0AcABsAHkAIABnAGUAbgBlAHIAYQB0AGUAZAAgAHQAcgBlAGUAcwAgACwAIABjAG8AbgBkAGkAdABpAG8AbgBlAGQAIABHAGEAbAB0AG8AbgAgIBMAIABXAGEAdABzAG8AbgAgAHQAcgBlAGUAcwAgACwAIAByAGEAbgBkAG8AbQAgAGEAbABsAG8AYwBhAHQAaQBvAG4AcwAgAGEAbgBkACAAYwBvAG4AZABlAG4AcwBhAHQAaQBvAG4ALgBwAGQAZgAPAAwABQBtAGEAYwBPAFMAEgDJVXNlcnMvbmljay9Eb2N1bWVudHMvQ09VUlNFU19VUF9GQU1OSVQvTXVsdGlzZXQtdHJpZS9tc3RyaWUtcmVwby9tcy10cmllL2RvY3MvYW5hbHlzaXMvSmFuc29uXzIwMTJfU2ltcGx5IGdlbmVyYXRlZCB0cmVlcyAsIGNvbmRpdGlvbmVkIEdhbHRvbiDigJMgV2F0c29uIHRyZWVzICwgcmFuZG9tIGFsbG9jYXRpb25zIGFuZCBjb25kZW5zYXRpb24ucGRmAAATAAEvAAAVAAIAC///AACABtIbHB0eWiRjbGFzc25hbWVYJGNsYXNzZXNdTlNNdXRhYmxlRGF0YaMdHyBWTlNEYXRhWE5TT2JqZWN00hscIiNcTlNEaWN0aW9uYXJ5oiIgXxAPTlNLZXllZEFyY2hpdmVy0SYnVHJvb3SAAQAIABEAGgAjAC0AMgA3AEAARgBNAFUAYABnAGoAbABuAHEAcwB1AHcAhACOAhsCIAIoBXIFdAV5BYQFjQWbBZ8FpgWvBbQFwQXEBdYF2QXeAAAAAAAAAgEAAAAAAAAAKAAAAAAAAAAAAAAAAAAABeA=}}

@book{flajolet2009analytic,
	Author = {Flajolet, Philippe and Sedgewick, Robert},
	Date-Added = {2017-02-19 19:25:08 +0000},
	Date-Modified = {2017-02-19 19:25:08 +0000},
	Publisher = {cambridge University press},
	Title = {Analytic combinatorics},
	Year = {2009},
	Bdsk-File-1 = {YnBsaXN0MDDUAQIDBAUGJCVYJHZlcnNpb25YJG9iamVjdHNZJGFyY2hpdmVyVCR0b3ASAAGGoKgHCBMUFRYaIVUkbnVsbNMJCgsMDxJXTlMua2V5c1pOUy5vYmplY3RzViRjbGFzc6INDoACgAOiEBGABIAFgAdccmVsYXRpdmVQYXRoWWFsaWFzRGF0YV8QiC4uLy4uLy4uL0RvY3VtZW50cy9DT1VSU0VTX1VQX0ZBTU5JVC9NdWx0aXNldC10cmllL21zdHJpZS1yZXBvL21zLXRyaWUvZG9jcy9hbmFseXNpcy9GbGFqb2xldCwgU2VkZ2V3aWNrXzIwMDJfQW5hbHl0aWMgQ29tYmluYXRvcmljcy5wZGbSFwsYGVdOUy5kYXRhTxECTAAAAAACTAACAAAFbWFjT1MAAAAAAAAAAAAAAAAAAAAAAAAAAAAAAAAAAEJEAAH/////H0ZsYWpvbGV0LCBTZWRnZXdpYyNGRkZGRkZGRi5wZGYAAAAAAAAAAAAAAAAAAAAAAAAAAAAAAAAAAAAAAAAAAP////8AAAAAAAAAAAAAAAAAAwAIAAAKIGN1AAAAAAAAAAAAAAAAAAhhbmFseXNpcwACAIwvOlVzZXJzOm5pY2s6RG9jdW1lbnRzOkNPVVJTRVNfVVBfRkFNTklUOk11bHRpc2V0LXRyaWU6bXN0cmllLXJlcG86bXMtdHJpZTpkb2NzOmFuYWx5c2lzOkZsYWpvbGV0LCBTZWRnZXdpY2tfMjAwMl9BbmFseXRpYyBDb21iaW5hdG9yaWNzLnBkZgAOAGgAMwBGAGwAYQBqAG8AbABlAHQALAAgAFMAZQBkAGcAZQB3AGkAYwBrAF8AMgAwADAAMgBfAEEAbgBhAGwAeQB0AGkAYwAgAEMAbwBtAGIAaQBuAGEAdABvAHIAaQBjAHMALgBwAGQAZgAPAAwABQBtAGEAYwBPAFMAEgCKVXNlcnMvbmljay9Eb2N1bWVudHMvQ09VUlNFU19VUF9GQU1OSVQvTXVsdGlzZXQtdHJpZS9tc3RyaWUtcmVwby9tcy10cmllL2RvY3MvYW5hbHlzaXMvRmxham9sZXQsIFNlZGdld2lja18yMDAyX0FuYWx5dGljIENvbWJpbmF0b3JpY3MucGRmABMAAS8AABUAAgAL//8AAIAG0hscHR5aJGNsYXNzbmFtZVgkY2xhc3Nlc11OU011dGFibGVEYXRhox0fIFZOU0RhdGFYTlNPYmplY3TSGxwiI1xOU0RpY3Rpb25hcnmiIiBfEA9OU0tleWVkQXJjaGl2ZXLRJidUcm9vdIABAAgAEQAaACMALQAyADcAQABGAE0AVQBgAGcAagBsAG4AcQBzAHUAdwCEAI4BGQEeASYDdgN4A30DiAORA58DowOqA7MDuAPFA8gD2gPdA+IAAAAAAAACAQAAAAAAAAAoAAAAAAAAAAAAAAAAAAAD5A==}}

@comment{BibDesk Static Groups{
<?xml version="1.0" encoding="UTF-8"?>
<!DOCTYPE plist PUBLIC "-//Apple//DTD PLIST 1.0//EN" "http://www.apple.com/DTDs/PropertyList-1.0.dtd">
<plist version="1.0">
<array>
	<dict>
		<key>group name</key>
		<string>analysis</string>
		<key>keys</key>
		<string>szpankowski1993generalized,flajolet2009analytic,janson2012simply,szpankowski1996techniques,janson2005asymptotic,javanian2012branches,ralaivaosaona2016additive,dobrow1996multiway,sedgewick2013introduction,gardiner1985stochastic</string>
	</dict>
	<dict>
		<key>group name</key>
		<string>full-text search</string>
		<key>keys</key>
		<string>zobel1992efficient,brown1994fast,broder2006indexing,das2012indexing,zobel2006inverted,zobel1998inverted,olson1993design</string>
	</dict>
	<dict>
		<key>group name</key>
		<string>general</string>
		<key>keys</key>
		<string>grossi2005compressed,gripon2012compressing,steinruecken2015compressing,savnik2013index</string>
	</dict>
	<dict>
		<key>group name</key>
		<string>GiST</string>
		<key>keys</key>
		<string>hellerstein1995generalized,kornacker1999high</string>
	</dict>
	<dict>
		<key>group name</key>
		<string>IR</string>
		<key>keys</key>
		<string>manning2008introduction,baeza1999modern,zobel2006inverted</string>
	</dict>
	<dict>
		<key>group name</key>
		<string>multisets</string>
		<key>keys</key>
		<string>blizard1988multiset,singh2007overview,harris1954distributional,Lamperti2000msetsinds</string>
	</dict>
	<dict>
		<key>group name</key>
		<string>postgres</string>
		<key>keys</key>
		<string>aoki1991implementation</string>
	</dict>
	<dict>
		<key>group name</key>
		<string>relwork</string>
		<key>keys</key>
		<string>raman2007succinct</string>
	</dict>
</array>
</plist>
}}
